{"turns":40,"p1":"SwampertSolly","p2":"HoeenKid","p1team":[{"name":"Rotom-Fan","moves":["painsplit","confuseray","trick","discharge"],"ability":"Levitate","evs":{"hp":85,"atk":85,"def":85,"spa":85,"spd":85,"spe":85},"ivs":{"hp":31,"atk":31,"def":31,"spa":31,"spd":31,"spe":31},"item":"Air Balloon","level":86,"shiny":false},{"name":"Sylveon","moves":["psyshock","shadowball","protect","wish"],"ability":"Pixilate","evs":{"hp":85,"atk":85,"def":85,"spa":85,"spd":85,"spe":85},"ivs":{"hp":31,"atk":31,"def":31,"spa":30,"spd":30,"spe":31},"item":"Leftovers","level":74,"shiny":false},{"name":"Stoutland","moves":["superpower","return","wildcharge","icefang"],"ability":"Scrappy","evs":{"hp":85,"atk":85,"def":85,"spa":85,"spd":85,"spe":85},"ivs":{"hp":31,"atk":31,"def":31,"spa":31,"spd":31,"spe":31},"item":"Expert Belt","level":86,"shiny":false},{"name":"Shaymin-Sky","moves":["leechseed","hiddenpowerfire","airslash","seedflare"],"ability":"Serene Grace","evs":{"hp":85,"atk":85,"def":85,"spa":85,"spd":85,"spe":85},"ivs":{"hp":31,"atk":30,"def":31,"spa":30,"spd":31,"spe":30},"item":"Leftovers","level":70,"shiny":false},{"name":"Pinsir","moves":["closecombat","stoneedge","swordsdance","substitute"],"ability":"Moxie","evs":{"hp":85,"atk":85,"def":85,"spa":85,"spd":85,"spe":85},"ivs":{"hp":31,"atk":31,"def":31,"spa":31,"spd":31,"spe":31},"item":"Pinsirite","level":74,"shiny":false},{"name":"Hitmontop","moves":["closecombat","stoneedge","toxic","earthquake"],"ability":"Intimidate","evs":{"hp":85,"atk":85,"def":85,"spa":85,"spd":85,"spe":85},"ivs":{"hp":31,"atk":31,"def":31,"spa":31,"spd":31,"spe":31},"item":"Life Orb","level":82,"shiny":false}],"p2team":[{"name":"Marowak","moves":["thunderpunch","stoneedge","swordsdance","earthquake"],"ability":"Rock Head","evs":{"hp":85,"atk":85,"def":85,"spa":85,"spd":85,"spe":85},"ivs":{"hp":31,"atk":31,"def":31,"spa":31,"spd":31,"spe":31},"item":"Thick Club","level":86,"shiny":false},{"name":"Pidgeot","moves":["return","uturn","pursuit","roost"],"ability":"Tangled Feet","evs":{"hp":85,"atk":85,"def":85,"spa":85,"spd":85,"spe":85},"ivs":{"hp":31,"atk":31,"def":31,"spa":31,"spd":31,"spe":31},"item":"Leftovers","level":86,"shiny":false},{"name":"Starmie","moves":["hydropump","psyshock","recover","thunderbolt"],"ability":"Natural Cure","evs":{"hp":85,"atk":85,"def":85,"spa":85,"spd":85,"spe":85},"ivs":{"hp":31,"atk":31,"def":31,"spa":31,"spd":31,"spe":31},"item":"Life Orb","level":78,"shiny":false},{"name":"Darkrai","moves":["darkpulse","focusblast","substitute","nastyplot"],"ability":"Bad Dreams","evs":{"hp":85,"atk":85,"def":85,"spa":85,"spd":85,"spe":85},"ivs":{"hp":31,"atk":31,"def":31,"spa":31,"spd":31,"spe":31},"item":"Leftovers","level":70,"shiny":false},{"name":"Arcanine","moves":["morningsun","flareblitz","extremespeed","toxic"],"ability":"Intimidate","evs":{"hp":85,"atk":85,"def":85,"spa":85,"spd":85,"spe":85},"ivs":{"hp":31,"atk":31,"def":31,"spa":31,"spd":31,"spe":31},"item":"Air Balloon","level":78,"shiny":false},{"name":"Clefable","moves":["softboiled","moonblast","thunderbolt","calmmind"],"ability":"Magic Guard","evs":{"hp":85,"atk":85,"def":85,"spa":85,"spd":85,"spe":85},"ivs":{"hp":31,"atk":31,"def":31,"spa":31,"spd":31,"spe":31},"item":"Life Orb","level":74,"shiny":false}],"log":["|player|p1|SwampertSolly|278","|player|p2|HoeenKid|52","|gametype|singles","|gen|6","|tier|Random Battle","|rated","|rule|Sleep Clause Mod: Limit one foe put to sleep","|rule|HP Percentage Mod: HP is reported as percentages","|","|start","|switch|p1a: Rotom-Fan|Rotom-Fan, L86|226/226","|switch|p2a: Marowak|Marowak, L86, F|243/243","|-item|p1a: Rotom-Fan|Air Balloon","|turn|1","|chat|HoeenKid|lol fan","|chat|HoeenKid|he sucks","|chat|SwampertSolly|Balloon on rotom fan","|chat|HoeenKid|ikr","|chat|SwampertSolly|dat logic","|chat|HoeenKid|hes got levitate","|","|move|p1a: Rotom-Fan|Trick|p2a: Marowak","|-activate|p1a: Rotom-Fan|move: Trick|[of] p2a: Marowak","|-item|p2a: Marowak|Air Balloon","|-item|p2a: Marowak|Air Balloon|[from] move: Trick","|-item|p1a: Rotom-Fan|Thick Club|[from] move: Trick","|move|p2a: Marowak|Stone Edge|p1a: Rotom-Fan|[miss]","|-miss|p2a: Marowak|p1a: Rotom-Fan","|","|turn|2","|chat|SwampertSolly|and flying type","|chat|SwampertSolly|3 immunities to ground","|","|move|p1a: Rotom-Fan|Confuse Ray|p2a: Marowak","|-start|p2a: Marowak|confusion","|-activate|p2a: Marowak|confusion","|-damage|p2a: Marowak|222/243|[from] confusion","|","|turn|3","|chat|HoeenKid|!dt thick club","|chat|HoeenKid|;-; gimme back","|chat|SwampertSolly|i just halved your attack","|","|switch|p1a: Shaymin-Sky|Shaymin-Sky, L70|256/256","|-end|p2a: Marowak|confusion","|move|p2a: Marowak|Swords Dance|p2a: Marowak","|-boost|p2a: Marowak|atk|2","|","|turn|4","|","|move|p1a: Shaymin-Sky|Seed Flare|p2a: Marowak","|-supereffective|p2a: Marowak","|-damage|p2a: Marowak|6/243","|-enditem|p2a: Marowak|Air Balloon","|-unboost|p2a: Marowak|spd|2","|move|p2a: Marowak|Stone Edge|p1a: Shaymin-Sky","|-crit|p1a: Shaymin-Sky","|-supereffective|p1a: Shaymin-Sky","|-damage|p1a: Shaymin-Sky|0 fnt","|faint|p1a: Shaymin-Sky","|","|chat|HoeenKid|OHKO","|","|switch|p1a: Sylveon|Sylveon, L74, M|263/263","|turn|5","|","|move|p1a: Sylveon|Shadow Ball|p2a: Marowak","|-damage|p2a: Marowak|0 fnt","|faint|p2a: Marowak","|","|chat|HoeenKid|1 sec","|","|switch|p2a: Arcanine|Arcanine, L78, M|268/268","|-ability|p2a: Arcanine|Intimidate|[of] p1a: Sylveon","|-unboost|p1a: Sylveon|atk|1","|-item|p2a: Arcanine|Air Balloon","|turn|6","|","|move|p2a: Arcanine|Flare Blitz|p1a: Sylveon","|-damage|p1a: Sylveon|88/263","|-damage|p2a: Arcanine|210/268|[from] recoil|[of] p1a: Sylveon","|move|p1a: Sylveon|Wish|p1a: Sylveon","|","|-heal|p1a: Sylveon|104/263|[from] item: Leftovers","|turn|7","|","|move|p1a: Sylveon|Protect|p1a: Sylveon","|-singleturn|p1a: Sylveon|Protect","|move|p2a: Arcanine|Flare Blitz|p1a: Sylveon","|-activate|p1a: Sylveon|Protect","|","|-heal|p1a: Sylveon|235/263|[from] move: Wish|[wisher] Sylveon","|-heal|p1a: Sylveon|251/263|[from] item: Leftovers","|turn|8","|","|move|p2a: Arcanine|Toxic|p1a: Sylveon","|-status|p1a: Sylveon|tox","|move|p1a: Sylveon|Wish|p1a: Sylveon","|","|-heal|p1a: Sylveon|263/263 tox|[from] item: Leftovers","|-damage|p1a: Sylveon|247/263 tox|[from] psn","|turn|9","|","|move|p2a: Arcanine|Extreme Speed|p1a: Sylveon","|-damage|p1a: Sylveon|175/263 tox","|move|p1a: Sylveon|Shadow Ball|p2a: Arcanine","|-damage|p2a: Arcanine|155/268","|-enditem|p2a: Arcanine|Air Balloon","|","|-heal|p1a: Sylveon|263/263 tox|[from] move: Wish|[wisher] Sylveon","|-damage|p1a: Sylveon|231/263 tox|[from] psn","|turn|10","|","|switch|p1a: Hitmontop|Hitmontop, L82, M|216/216","|-ability|p1a: Hitmontop|Intimidate|[of] p2a: Arcanine","|-unboost|p2a: Arcanine|atk|1","|move|p2a: Arcanine|Flare Blitz|p1a: Hitmontop","|-damage|p1a: Hitmontop|140/216","|-status|p1a: Hitmontop|brn","|-damage|p2a: Arcanine|130/268|[from] recoil|[of] p1a: Hitmontop","|","|-damage|p1a: Hitmontop|113/216 brn|[from] brn","|turn|11","|","|move|p2a: Arcanine|Morning Sun|p2a: Arcanine","|-heal|p2a: Arcanine|264/268","|move|p1a: Hitmontop|Toxic|p2a: Arcanine","|-status|p2a: Arcanine|tox","|","|-damage|p2a: Arcanine|248/268 tox|[from] psn","|-damage|p1a: Hitmontop|86/216 brn|[from] brn","|turn|12","|","|switch|p2a: Pidgeot|Pidgeot, L86, F|283/283","|move|p1a: Hitmontop|Earthquake|p2a: Pidgeot","|-immune|p2a: Pidgeot|[msg]","|","|-damage|p1a: Hitmontop|59/216 brn|[from] brn","|turn|13","|","|move|p2a: Pidgeot|Pursuit|p1a: Hitmontop","|-resisted|p1a: Hitmontop","|-damage|p1a: Hitmontop|46/216 brn","|move|p1a: Hitmontop|Stone Edge|p2a: Pidgeot|[miss]","|-miss|p1a: Hitmontop|p2a: Pidgeot","|","|-damage|p1a: Hitmontop|19/216 brn|[from] brn","|turn|14","|chat|SwampertSolly|:I","|","|move|p2a: Pidgeot|Return|p1a: Hitmontop","|-damage|p1a: Hitmontop|0 fnt","|faint|p1a: Hitmontop","|","|","|switch|p1a: Rotom-Fan|Rotom-Fan, L86|226/226","|turn|15","|","|move|p2a: Pidgeot|U-turn|p1a: Rotom-Fan","|-resisted|p1a: Rotom-Fan","|-damage|p1a: Rotom-Fan|208/226","|chat|SwampertSolly|You wanted it back","|chat|HoeenKid|tnx for the warning","|chat|SwampertSolly|too late tho","|chat|SwampertSolly|Maro is dead","|chat|HoeenKid|ik now I get to pick what YOU get","|","|switch|p2a: Arcanine|Arcanine, L78, M|248/268 tox","|-ability|p2a: Arcanine|Intimidate|[of] p1a: Rotom-Fan","|-unboost|p1a: Rotom-Fan|atk|1","|move|p1a: Rotom-Fan|Trick|p2a: Arcanine","|-activate|p1a: Rotom-Fan|move: Trick|[of] p2a: Arcanine","|-item|p2a: Arcanine|Thick Club|[from] move: Trick","|","|-damage|p2a: Arcanine|232/268 tox|[from] psn","|turn|16","|","|move|p1a: Rotom-Fan|Confuse Ray|p2a: Arcanine","|-start|p2a: Arcanine|confusion","|-activate|p2a: Arcanine|confusion","|-damage|p2a: Arcanine|198/268 tox|[from] confusion","|","|-damage|p2a: Arcanine|166/268 tox|[from] psn","|turn|17","|","|switch|p2a: Pidgeot|Pidgeot, L86, F|283/283","|move|p1a: Rotom-Fan|Discharge|p2a: Pidgeot","|-supereffective|p2a: Pidgeot","|-damage|p2a: Pidgeot|47/283","|","|-heal|p2a: Pidgeot|64/283|[from] item: Leftovers","|turn|18","|","|move|p2a: Pidgeot|U-turn|p1a: Rotom-Fan","|-resisted|p1a: Rotom-Fan","|-damage|p1a: Rotom-Fan|189/226","|","|switch|p2a: Clefable|Clefable, L74, F|263/263","|move|p1a: Rotom-Fan|Trick|p2a: Clefable","|-activate|p1a: Rotom-Fan|move: Trick|[of] p2a: Clefable","|-item|p1a: Rotom-Fan|Life Orb|[from] move: Trick","|","|turn|19","|","|move|p1a: Rotom-Fan|Confuse Ray|p2a: Clefable","|-start|p2a: Clefable|confusion","|-activate|p2a: Clefable|confusion","|-damage|p2a: Clefable|239/263|[from] confusion","|","|turn|20","|","|move|p1a: Rotom-Fan|Trick|p2a: Clefable","|-activate|p1a: Rotom-Fan|move: Trick|[of] p2a: Clefable","|-item|p2a: Clefable|Life Orb|[from] move: Trick","|-activate|p2a: Clefable|confusion","|move|p2a: Clefable|Calm Mind|p2a: Clefable","|-boost|p2a: Clefable|spa|1","|-boost|p2a: Clefable|spd|1","|","|turn|21","|","|move|p1a: Rotom-Fan|Discharge|p2a: Clefable","|-damage|p2a: Clefable|163/263","|-activate|p2a: Clefable|confusion","|move|p2a: Clefable|Moonblast|p1a: Rotom-Fan","|-damage|p1a: Rotom-Fan|63/226","|","|turn|22","|","|move|p1a: Rotom-Fan|Pain Split|p2a: Clefable","|-sethp|p2a: Clefable|113/263|p1a: Rotom-Fan|113/226|[from] move: Pain Split","|-activate|p2a: Clefable|confusion","|-damage|p2a: Clefable|82/263|[from] confusion","|","|turn|23","|","|move|p1a: Rotom-Fan|Discharge|p2a: Clefable","|-crit|p2a: Clefable","|-damage|p2a: Clefable|0 fnt","|faint|p2a: Clefable","|","|","|switch|p2a: Arcanine|Arcanine, L78, M|166/268 tox","|-ability|p2a: Arcanine|Intimidate|[of] p1a: Rotom-Fan","|-unboost|p1a: Rotom-Fan|atk|1","|turn|24","|","|move|p2a: Arcanine|Extreme Speed|p1a: Rotom-Fan","|-damage|p1a: Rotom-Fan|67/226","|move|p1a: Rotom-Fan|Confuse Ray|p2a: Arcanine","|-start|p2a: Arcanine|confusion","|","|-damage|p2a: Arcanine|150/268 tox|[from] psn","|turn|25","|","|switch|p2a: Darkrai|Darkrai, L70|214/214","|move|p1a: Rotom-Fan|Pain Split|p2a: Darkrai","|-sethp|p2a: Darkrai|140/214|p1a: Rotom-Fan|140/226|[from] move: Pain Split","|","|-heal|p2a: Darkrai|153/214|[from] item: Leftovers","|turn|26","|","|move|p2a: Darkrai|Substitute|p2a: Darkrai","|-start|p2a: Darkrai|Substitute","|-damage|p2a: Darkrai|100/214","|move|p1a: Rotom-Fan|Confuse Ray|p2a: Darkrai","|","|-heal|p2a: Darkrai|113/214|[from] item: Leftovers","|turn|27","|","|move|p2a: Darkrai|Nasty Plot|p2a: Darkrai","|-boost|p2a: Darkrai|spa|2","|move|p1a: Rotom-Fan|Discharge|p2a: Darkrai","|-end|p2a: Darkrai|Substitute","|","|-heal|p2a: Darkrai|126/214|[from] item: Leftovers","|turn|28","|","|move|p2a: Darkrai|Dark Pulse|p1a: Rotom-Fan","|-damage|p1a: Rotom-Fan|5/226","|move|p1a: Rotom-Fan|Discharge|p2a: Darkrai","|-damage|p2a: Darkrai|12/214","|","|-heal|p2a: Darkrai|25/214|[from] item: Leftovers","|turn|29","|","|move|p2a: Darkrai|Dark Pulse|p1a: Rotom-Fan","|-crit|p1a: Rotom-Fan","|-damage|p1a: Rotom-Fan|0 fnt","|faint|p1a: Rotom-Fan","|","|-heal|p2a: Darkrai|38/214|[from] item: Leftovers","|","|switch|p1a: Pinsir|Pinsir, L74, F|218/218","|turn|30","|","|switch|p2a: Arcanine|Arcanine, L78, M|150/268 tox","|-ability|p2a: Arcanine|Intimidate|[of] p1a: Pinsir","|-unboost|p1a: Pinsir|atk|1","|move|p1a: Pinsir|Substitute|p1a: Pinsir","|-start|p1a: Pinsir|Substitute","|-damage|p1a: Pinsir|164/218","|","|-damage|p2a: Arcanine|134/268 tox|[from] psn","|turn|31","|","|move|p2a: Arcanine|Flare Blitz|p1a: Pinsir","|-supereffective|p1a: Pinsir","|-end|p1a: Pinsir|Substitute","|-damage|p2a: Arcanine|116/268 tox|[from] recoil|[of] p1a: Pinsir","|move|p1a: Pinsir|Swords Dance|p1a: Pinsir","|-boost|p1a: Pinsir|atk|2","|","|-damage|p2a: Arcanine|84/268 tox|[from] psn","|turn|32","|","|detailschange|p1a: Pinsir|Pinsir-Mega, L74, F","|message|Pinsir has Mega Evolved into Mega Pinsir!","|move|p2a: Arcanine|Flare Blitz|p1a: Pinsir","|-supereffective|p1a: Pinsir","|-damage|p1a: Pinsir|0 fnt","|-damage|p2a: Arcanine|30/268 tox|[from] recoil|[of] p1a: Pinsir","|faint|p1a: Pinsir","|","|-damage|p2a: Arcanine|0 fnt|[from] psn","|faint|p2a: Arcanine","|","|switch|p2a: Pidgeot|Pidgeot, L86, F|64/283","|switch|p1a: Sylveon|Sylveon, L74, M|231/263 tox","|turn|33","|","|move|p2a: Pidgeot|U-turn|p1a: Sylveon","|-resisted|p1a: Sylveon","|-damage|p1a: Sylveon|199/263 tox","|","|switch|p2a: Starmie|Starmie, L78|222/222","|move|p1a: Sylveon|Shadow Ball|p2a: Starmie","|-supereffective|p2a: Starmie","|-damage|p2a: Starmie|104/222","|","|-heal|p1a: Sylveon|215/263 tox|[from] item: Leftovers","|-damage|p1a: Sylveon|199/263 tox|[from] psn","|turn|34","|","|move|p2a: Starmie|Hydro Pump|p1a: Sylveon|[miss]","|-miss|p2a: Starmie|p1a: Sylveon","|move|p1a: Sylveon|Shadow Ball|p2a: Starmie","|-supereffective|p2a: Starmie","|-damage|p2a: Starmie|0 fnt","|faint|p2a: Starmie","|","|-heal|p1a: Sylveon|215/263 tox|[from] item: Leftovers","|-damage|p1a: Sylveon|183/263 tox|[from] psn","|","|switch|p2a: Pidgeot|Pidgeot, L86, F|64/283","|turn|35","|","|move|p2a: Pidgeot|Roost|p2a: Pidgeot","|-heal|p2a: Pidgeot|206/283","|move|p1a: Sylveon|Wish|p1a: Sylveon","|","|-heal|p2a: Pidgeot|223/283|[from] item: Leftovers","|-heal|p1a: Sylveon|199/263 tox|[from] item: Leftovers","|-damage|p1a: Sylveon|151/263 tox|[from] psn","|turn|36","|","|move|p2a: Pidgeot|Return|p1a: Sylveon","|-damage|p1a: Sylveon|6/263 tox","|move|p1a: Sylveon|Shadow Ball|p2a: Pidgeot","|-immune|p2a: Pidgeot|[msg]","|","|-heal|p1a: Sylveon|137/263 tox|[from] move: Wish|[wisher] Sylveon","|-heal|p2a: Pidgeot|240/283|[from] item: Leftovers","|-heal|p1a: Sylveon|153/263 tox|[from] item: Leftovers","|-damage|p1a: Sylveon|89/263 tox|[from] psn","|turn|37","|","|move|p2a: Pidgeot|Return|p1a: Sylveon","|-damage|p1a: Sylveon|0 fnt","|faint|p1a: Sylveon","|","|-heal|p2a: Pidgeot|257/283|[from] item: Leftovers","|","|switch|p1a: Stoutland|Stoutland, L86, M|286/286","|turn|38","|","|move|p2a: Pidgeot|Return|p1a: Stoutland","|-damage|p1a: Stoutland|184/286","|move|p1a: Stoutland|Ice Fang|p2a: Pidgeot","|-supereffective|p2a: Pidgeot","|-damage|p2a: Pidgeot|123/283","|","|-heal|p2a: Pidgeot|140/283|[from] item: Leftovers","|turn|39","|","|move|p2a: Pidgeot|Return|p1a: Stoutland","|-damage|p1a: Stoutland|87/286","|move|p1a: Stoutland|Wild Charge|p2a: Pidgeot","|-supereffective|p2a: Pidgeot","|-damage|p2a: Pidgeot|0 fnt","|-damage|p1a: Stoutland|52/286|[from] recoil|[of] p2a: Pidgeot","|faint|p2a: Pidgeot","|","|","|switch|p2a: Darkrai|Darkrai, L70|38/214","|turn|40","|chat|SwampertSolly|whelp","|","|move|p2a: Darkrai|Focus Blast|p1a: Stoutland","|-supereffective|p1a: Stoutland","|-damage|p1a: Stoutland|0 fnt","|faint|p1a: Stoutland","|","|win|HoeenKid"],"p1rating":{"entryid":5811668,"formatid":"randombattle","userid":"swampertsolly","username":"SwampertSolly","r":1500,"rd":130,"sigma":0,"rpr":1459.8393856612,"rprd":122.8583080769,"rpsigma":0,"rptime":1407974400,"w":0,"l":1,"t":0,"gxe":45,"acre":1000,"lacre":1000,"oldacre":1000},"p2rating":{"entryid":5811669,"formatid":"randombattle","userid":"hoeenkid","username":"HoeenKid","r":1500,"rd":130,"sigma":0,"rpr":1540.1606143388,"rprd":122.8583080769,"rpsigma":0,"rptime":1407974400,"w":1,"l":0,"t":0,"gxe":55,"acre":1040,"lacre":1040,"oldacre":1000},"endType":"normal"}