{"turns":21,"p1":"Nolan20012","p2":"Efin","p1team":[{"name":"Typhlosion","species":"Typhlosion","item":"","ability":"Blaze","moves":["flareblitz","brickbreak","wildcharge","doubleedge"],"nature":"","shiny":true,"evs":{"hp":84,"atk":84,"def":84,"spa":84,"spd":84,"spe":84},"ivs":{"hp":31,"atk":31,"def":31,"spa":31,"spd":31,"spe":31}},{"name":"Ambipom","species":"Ambipom","item":"","ability":"Technician","moves":["doublehit","brickbreak","thunder","headbutt"],"nature":"","shiny":true,"evs":{"hp":84,"atk":84,"def":84,"spa":84,"spd":84,"spe":84},"ivs":{"hp":31,"atk":31,"def":31,"spa":31,"spd":31,"spe":31}},{"name":"Sudowoodo","species":"Sudowoodo","item":"","ability":"Sturdy","moves":["lowkick","stealthrock","woodhammer","rollout"],"nature":"","shiny":true,"evs":{"hp":84,"atk":84,"def":84,"spa":84,"spd":84,"spe":84},"ivs":{"hp":31,"atk":31,"def":31,"spa":31,"spd":31,"spe":31}},{"name":"Sunflora","species":"Sunflora","item":"","ability":"Chlorophyll","moves":["sunnyday","solarbeam","gigadrain","hyperbeam"],"nature":"","shiny":true,"evs":{"hp":84,"atk":84,"def":84,"spa":84,"spd":84,"spe":84},"ivs":{"hp":31,"atk":31,"def":31,"spa":31,"spd":31,"spe":31}},{"name":"Politoed","species":"Politoed","item":"","ability":"Water Absorb","moves":["blizzard","waterfall","bulldoze","scald"],"nature":"","shiny":true,"evs":{"hp":84,"atk":84,"def":84,"spa":84,"spd":84,"spe":84},"ivs":{"hp":31,"atk":31,"def":31,"spa":31,"spd":31,"spe":31}},{"name":"Togekiss","species":"Togekiss","item":"","ability":"Serene Grace","moves":["metronome","airslash","aurasphere","zenheadbutt"],"nature":"","shiny":true,"evs":{"hp":84,"atk":84,"def":84,"spa":84,"spd":84,"spe":84},"ivs":{"hp":31,"atk":31,"def":31,"spa":31,"spd":31,"spe":31}}],"p2team":[{"name":"Charizard","species":"Charizard","item":"","ability":"Blaze","moves":["blastburn","airslash","dragonpulse","flareblitz"],"nature":"","evs":{"hp":84,"atk":84,"def":84,"spa":84,"spd":84,"spe":84},"ivs":{"hp":31,"atk":31,"def":31,"spa":31,"spd":31,"spe":31}},{"name":"Blastoise","species":"Blastoise","item":"","ability":"Torrent","moves":["waterspout","brickbreak","icebeam","focusblast"],"nature":"","evs":{"hp":84,"atk":84,"def":84,"spa":84,"spd":84,"spe":84},"ivs":{"hp":31,"atk":31,"def":31,"spa":31,"spd":31,"spe":31}},{"name":"Venusaur","species":"Venusaur","item":"","ability":"Overgrow","moves":["sludgebomb","synthesis","leafstorm","earthquake"],"nature":"","evs":{"hp":84,"atk":84,"def":84,"spa":84,"spd":84,"spe":84},"ivs":{"hp":31,"atk":31,"def":31,"spa":31,"spd":31,"spe":31}},{"name":"Lapras","species":"Lapras","item":"","ability":"Water Absorb","moves":["hydropump","icebeam","drillrun","ironhead"],"nature":"","evs":{"hp":84,"atk":84,"def":84,"spa":84,"spd":84,"spe":84},"ivs":{"hp":31,"atk":31,"def":31,"spa":31,"spd":31,"spe":31}},{"name":"Snorlax","species":"Snorlax","item":"","ability":"Immunity","moves":["brickbreak","earthquake","rest","sleeptalk"],"nature":"","evs":{"hp":84,"atk":84,"def":84,"spa":84,"spd":84,"spe":84},"ivs":{"hp":31,"atk":31,"def":31,"spa":31,"spd":31,"spe":31}},{"name":"Pikachu","species":"Pikachu","item":"","ability":"Static","moves":["volttackle","dig","irontail","thunderbolt"],"nature":"","evs":{"hp":84,"atk":84,"def":84,"spa":84,"spd":84,"spe":84},"ivs":{"hp":31,"atk":31,"def":31,"spa":31,"spd":31,"spe":31}}],"log":["|player|p1|Nolan20012|101","|player|p2|Efin|163","|gametype|singles","|gen|6","|tier|OU","|rated","|clearpoke","|poke|p1|Typhlosion, M, shiny","|poke|p1|Ambipom, F, shiny","|poke|p1|Sudowoodo, F, shiny","|poke|p1|Sunflora, M, shiny","|poke|p1|Politoed, F, shiny","|poke|p1|Togekiss, M, shiny","|poke|p2|Charizard, M","|poke|p2|Blastoise, F","|poke|p2|Venusaur, M","|poke|p2|Lapras, M","|poke|p2|Snorlax, M","|poke|p2|Pikachu, F","|rule|Sleep Clause Mod: Limit one foe put to sleep","|rule|Species Clause: Limit one of each Pokemon","|rule|OHKO Clause: OHKO moves are banned","|rule|Moody Clause: Moody is banned","|rule|Evasion Moves Clause: Evasion moves are banned","|rule|Endless Battle Clause: Forcing endless battles is banned.","|rule|HP Percentage Mod: HP is reported as percentages","|teampreview","|","|start","|switch|p1a: Sudowoodo|Sudowoodo, F, shiny|302/302","|switch|p2a: Lapras|Lapras, M|422/422","|turn|1","|","|move|p2a: Lapras|Hydro Pump|p1a: Sudowoodo","|-supereffective|p1a: Sudowoodo","|-activate|p1a: Sudowoodo|Sturdy","|-damage|p1a: Sudowoodo|1/302","|move|p1a: Sudowoodo|Stealth Rock|p2a: Lapras","|-sidestart|p2: Efin|move: Stealth Rock","|","|turn|2","|","|move|p2a: Lapras|Iron Head|p1a: Sudowoodo","|-supereffective|p1a: Sudowoodo","|-damage|p1a: Sudowoodo|0 fnt","|faint|p1a: Sudowoodo","|","|","|switch|p1a: Ambipom|Ambipom, F, shiny|312/312","|turn|3","|","|move|p1a: Ambipom|Thunder|p2a: Lapras|[miss]","|-miss|p1a: Ambipom|p2a: Lapras","|move|p2a: Lapras|Hydro Pump|p1a: Ambipom|[miss]","|-miss|p2a: Lapras|p1a: Ambipom","|","|turn|4","|","|move|p1a: Ambipom|Thunder|p2a: Lapras","|-supereffective|p2a: Lapras","|-damage|p2a: Lapras|292/422","|-status|p2a: Lapras|par","|move|p2a: Lapras|Hydro Pump|p1a: Ambipom","|-damage|p1a: Ambipom|152/312","|","|turn|5","|","|move|p1a: Ambipom|Double Hit|p2a: Lapras","|-damage|p2a: Lapras|223/422 par","|-damage|p2a: Lapras|154/422 par","|-hitcount|p2a: Lapras|2","|move|p2a: Lapras|Hydro Pump|p1a: Ambipom","|-damage|p1a: Ambipom|0 fnt","|faint|p1a: Ambipom","|","|","|switch|p1a: Sunflora|Sunflora, M, shiny|312/312","|turn|6","|","|move|p1a: Sunflora|Sunny Day|p1a: Sunflora","|-weather|SunnyDay","|cant|p2a: Lapras|par","|","|-weather|SunnyDay|[upkeep]","|turn|7","|","|switch|p2a: Charizard|Charizard, M|318/318","|-damage|p2a: Charizard|159/318|[from] Stealth Rock","|move|p1a: Sunflora|Solar Beam|p2a: Charizard|[still]","|-prepare|p1a: Sunflora|Solar Beam|p2a: Charizard","|-anim|p1a: Sunflora|Solar Beam|p2a: Charizard","|-resisted|p2a: Charizard","|-damage|p2a: Charizard|121/318","|","|-weather|SunnyDay|[upkeep]","|turn|8","|","|move|p2a: Charizard|Blast Burn|p1a: Sunflora","|-supereffective|p1a: Sunflora","|-damage|p1a: Sunflora|0 fnt","|faint|p1a: Sunflora","|","|-weather|SunnyDay|[upkeep]","|","|switch|p1a: Typhlosion|Typhlosion, M, shiny|318/318","|turn|9","|","|move|p1a: Typhlosion|Wild Charge|p2a: Charizard","|-supereffective|p2a: Charizard","|-damage|p2a: Charizard|0 fnt","|-damage|p1a: Typhlosion|288/318|[from] recoil|[of] p2a: Charizard","|faint|p2a: Charizard","|","|-weather|SunnyDay|[upkeep]","|","|switch|p2a: Blastoise|Blastoise, F|320/320","|-damage|p2a: Blastoise|280/320|[from] Stealth Rock","|turn|10","|","|move|p1a: Typhlosion|Wild Charge|p2a: Blastoise","|-crit|p2a: Blastoise","|-supereffective|p2a: Blastoise","|-damage|p2a: Blastoise|88/320","|-damage|p1a: Typhlosion|240/318|[from] recoil|[of] p2a: Blastoise","|move|p2a: Blastoise|Water Spout|p1a: Typhlosion","|-supereffective|p1a: Typhlosion","|-damage|p1a: Typhlosion|166/318","|","|-weather|none","|turn|11","|","|move|p1a: Typhlosion|Wild Charge|p2a: Blastoise","|-supereffective|p2a: Blastoise","|-damage|p2a: Blastoise|0 fnt","|-damage|p1a: Typhlosion|144/318|[from] recoil|[of] p2a: Blastoise","|faint|p2a: Blastoise","|","|","|switch|p2a: Snorlax|Snorlax, M|482/482","|-damage|p2a: Snorlax|422/482|[from] Stealth Rock","|turn|12","|","|move|p1a: Typhlosion|Brick Break|p2a: Snorlax","|-supereffective|p2a: Snorlax","|-damage|p2a: Snorlax|284/482","|move|p2a: Snorlax|Earthquake|p1a: Typhlosion","|-supereffective|p1a: Typhlosion","|-damage|p1a: Typhlosion|0 fnt","|faint|p1a: Typhlosion","|","|","|switch|p1a: Togekiss|Togekiss, M, shiny|332/332","|turn|13","|","|move|p1a: Togekiss|Aura Sphere|p2a: Snorlax","|-supereffective|p2a: Snorlax","|-damage|p2a: Snorlax|142/482","|move|p2a: Snorlax|Rest|p2a: Snorlax","|-status|p2a: Snorlax|slp","|-heal|p2a: Snorlax|482/482 slp|[silent]","|-status|p2a: Snorlax|slp|[from] move: Rest","|","|turn|14","|","|move|p1a: Togekiss|Aura Sphere|p2a: Snorlax","|-supereffective|p2a: Snorlax","|-damage|p2a: Snorlax|356/482 slp","|cant|p2a: Snorlax|slp","|move|p2a: Snorlax|Sleep Talk|p2a: Snorlax","|move|p2a: Snorlax|Earthquake|p1a: Togekiss|[from]Sleep Talk","|-immune|p1a: Togekiss|[msg]","|","|turn|15","|","|move|p1a: Togekiss|Air Slash|p2a: Snorlax","|-damage|p2a: Snorlax|266/482 slp","|cant|p2a: Snorlax|slp","|cant|p2a: Snorlax|flinch","|","|turn|16","|","|move|p1a: Togekiss|Zen Headbutt|p2a: Snorlax","|-damage|p2a: Snorlax|213/482 slp","|-curestatus|p2a: Snorlax|slp","|move|p2a: Snorlax|Brick Break|p1a: Togekiss","|-resisted|p1a: Togekiss","|-damage|p1a: Togekiss|316/332","|","|turn|17","|","|move|p1a: Togekiss|Aura Sphere|p2a: Snorlax","|-supereffective|p2a: Snorlax","|-damage|p2a: Snorlax|67/482","|move|p2a: Snorlax|Rest|p2a: Snorlax","|-status|p2a: Snorlax|slp","|-heal|p2a: Snorlax|482/482 slp|[silent]","|-status|p2a: Snorlax|slp|[from] move: Rest","|","|turn|18","|","|switch|p2a: Pikachu|Pikachu, F|232/232","|-damage|p2a: Pikachu|203/232|[from] Stealth Rock","|move|p1a: Togekiss|Metronome|p1a: Togekiss","|move|p1a: Togekiss|Leer|p2a: Pikachu|[from]Metronome","|-unboost|p2a: Pikachu|def|1","|","|turn|19","|","|move|p2a: Pikachu|Volt Tackle|p1a: Togekiss","|-crit|p1a: Togekiss","|-supereffective|p1a: Togekiss","|-damage|p1a: Togekiss|40/332","|-damage|p2a: Pikachu|112/232|[from] recoil|[of] p1a: Togekiss","|move|p1a: Togekiss|Zen Headbutt|p2a: Pikachu","|-damage|p2a: Pikachu|7/232","|","|turn|20","|","|move|p2a: Pikachu|Volt Tackle|p1a: Togekiss","|-supereffective|p1a: Togekiss","|-damage|p1a: Togekiss|0 fnt","|-damage|p2a: Pikachu|0 fnt|[from] recoil|[of] p1a: Togekiss","|faint|p1a: Togekiss","|faint|p2a: Pikachu","|","|","|switch|p2a: Venusaur|Venusaur, M|322/322","|-damage|p2a: Venusaur|282/322|[from] Stealth Rock","|switch|p1a: Politoed|Politoed, F, shiny|342/342","|turn|21","|","|move|p2a: Venusaur|Leaf Storm|p1a: Politoed","|-crit|p1a: Politoed","|-supereffective|p1a: Politoed","|-damage|p1a: Politoed|0 fnt","|-unboost|p2a: Venusaur|spa|2","|faint|p1a: Politoed","|","|win|Efin"],"p1rating":{"entryid":5807014,"formatid":"ou","userid":"nolan20012","username":"Nolan20012","r":1500,"rd":130,"sigma":0,"rpr":1459.8393856612,"rprd":122.8583080769,"rpsigma":0,"rptime":1407974400,"w":0,"l":1,"t":0,"gxe":45,"acre":1000,"lacre":1000,"oldacre":1000},"p2rating":{"entryid":5807015,"formatid":"ou","userid":"efin","username":"Efin","r":1500,"rd":130,"sigma":0,"rpr":1540.1606143388,"rprd":122.8583080769,"rpsigma":0,"rptime":1407974400,"w":1,"l":0,"t":0,"gxe":55,"acre":1040,"lacre":1040,"oldacre":1000},"endType":"normal"}