{"turns":25,"p1":"flarz","p2":"Rosepetal","p1team":[{"name":"Heatran","moves":["lavaplume","earthpower","toxic","stealthrock"],"ability":"Flash Fire","evs":{"hp":85,"atk":85,"def":85,"spa":85,"spd":85,"spe":85},"ivs":{"hp":31,"atk":31,"def":31,"spa":31,"spd":31,"spe":31},"item":"Air Balloon","level":74,"shiny":false},{"name":"Slowking","moves":["psyshock","nastyplot","toxic","fireblast"],"ability":"Regenerator","evs":{"hp":85,"atk":85,"def":85,"spa":85,"spd":85,"spe":85},"ivs":{"hp":31,"atk":31,"def":31,"spa":31,"spd":31,"spe":31},"item":"Leftovers","level":82,"shiny":false},{"name":"Quagsire","moves":["icepunch","curse","waterfall","toxic"],"ability":"Unaware","evs":{"hp":85,"atk":85,"def":85,"spa":85,"spd":85,"spe":85},"ivs":{"hp":31,"atk":31,"def":31,"spa":31,"spd":31,"spe":31},"item":"Leftovers","level":74,"shiny":false},{"name":"Pyroar","moves":["bulldoze","fireblast","willowisp","sunnyday"],"ability":"Moxie","evs":{"hp":85,"atk":85,"def":85,"spa":85,"spd":85,"spe":85},"ivs":{"hp":31,"atk":31,"def":31,"spa":31,"spd":31,"spe":31},"item":"Heat Rock","level":86,"shiny":false},{"name":"Mandibuzz","moves":["whirlwind","toxic","taunt","bravebird"],"ability":"Overcoat","evs":{"hp":85,"atk":85,"def":85,"spa":85,"spd":85,"spe":85},"ivs":{"hp":31,"atk":31,"def":31,"spa":31,"spd":31,"spe":31},"item":"Leftovers","level":74,"shiny":false},{"name":"Drapion","moves":["aquatail","pursuit","knockoff","poisonjab"],"ability":"Sniper","evs":{"hp":85,"atk":85,"def":85,"spa":85,"spd":85,"spe":85},"ivs":{"hp":31,"atk":31,"def":31,"spa":31,"spd":31,"spe":31},"item":"Choice Band","level":82,"shiny":false}],"p2team":[{"name":"Sableye","moves":["foulplay","recover","taunt","knockoff"],"ability":"Prankster","evs":{"hp":85,"atk":85,"def":85,"spa":85,"spd":85,"spe":85},"ivs":{"hp":31,"atk":31,"def":31,"spa":31,"spd":31,"spe":31},"item":"Focus Sash","level":78,"shiny":false},{"name":"Lugia","moves":["toxic","whirlwind","icebeam","substitute"],"ability":"Multiscale","evs":{"hp":85,"atk":85,"def":85,"spa":85,"spd":85,"spe":85},"ivs":{"hp":31,"atk":31,"def":31,"spa":31,"spd":31,"spe":31},"item":"Leftovers","level":70,"shiny":false},{"name":"Aerodactyl","moves":["stoneedge","defog","roost","taunt"],"ability":"Pressure","evs":{"hp":85,"atk":85,"def":85,"spa":85,"spd":85,"spe":85},"ivs":{"hp":31,"atk":31,"def":31,"spa":31,"spd":31,"spe":31},"item":"Aerodactylite","level":78,"shiny":false},{"name":"Gengar","moves":["shadowball","focusblast","disable","sludgebomb"],"ability":"Levitate","evs":{"hp":85,"atk":85,"def":85,"spa":85,"spd":85,"spe":85},"ivs":{"hp":31,"atk":31,"def":31,"spa":31,"spd":31,"spe":31},"item":"Black Sludge","level":74,"shiny":false},{"name":"Nidoqueen","moves":["thunderbolt","toxicspikes","sludgewave","earthpower"],"ability":"Sheer Force","evs":{"hp":85,"atk":85,"def":85,"spa":85,"spd":85,"spe":85},"ivs":{"hp":31,"atk":31,"def":31,"spa":31,"spd":31,"spe":31},"item":"Life Orb","level":78,"shiny":false},{"name":"Liepard","moves":["suckerpunch","thunderwave","encore","knockoff"],"ability":"Prankster","evs":{"hp":85,"atk":85,"def":85,"spa":85,"spd":85,"spe":85},"ivs":{"hp":31,"atk":31,"def":31,"spa":31,"spd":31,"spe":31},"item":"Leftovers","level":86,"shiny":false}],"log":["|player|p1|flarz|66","|player|p2|Rosepetal|287","|gametype|singles","|gen|6","|tier|Random Battle","|rated","|rule|Sleep Clause Mod: Limit one foe put to sleep","|rule|HP Percentage Mod: HP is shown in percentages","|","|start","|switch|p1a: Heatran|Heatran, L74, F|257/257","|switch|p2a: Sableye|Sableye, L78, F|206/206","|-item|p1a: Heatran|Air Balloon","|turn|1","|","|move|p1a: Heatran|Lava Plume|p2a: Sableye","|-damage|p2a: Sableye|85/206","|-status|p2a: Sableye|brn","|move|p2a: Sableye|Knock Off|p1a: Heatran","|-damage|p1a: Heatran|218/257","|-enditem|p1a: Heatran|Air Balloon","|","|-damage|p2a: Sableye|60/206 brn|[from] brn","|turn|2","|","|move|p1a: Heatran|Lava Plume|p2a: Sableye","|-damage|p2a: Sableye|0 fnt","|faint|p2a: Sableye","|","|","|switch|p2a: Nidoqueen|Nidoqueen, L78, F|268/268","|turn|3","|","|move|p2a: Nidoqueen|Earth Power|p1a: Heatran","|-supereffective|p1a: Heatran","|-damage|p1a: Heatran|0 fnt","|faint|p1a: Heatran","|","|","|switch|p1a: Quagsire|Quagsire, L74, M|263/263","|turn|4","|","|move|p2a: Nidoqueen|Sludge Wave|p1a: Quagsire","|-resisted|p1a: Quagsire","|-damage|p1a: Quagsire|177/263","|move|p1a: Quagsire|Waterfall|p2a: Nidoqueen","|-supereffective|p2a: Nidoqueen","|-damage|p2a: Nidoqueen|134/268","|","|-heal|p1a: Quagsire|193/263|[from] item: Leftovers","|turn|5","|","|move|p2a: Nidoqueen|Toxic Spikes|p1a: Quagsire","|-sidestart|p1: flarz|move: Toxic Spikes","|move|p1a: Quagsire|Waterfall|p2a: Nidoqueen","|-supereffective|p2a: Nidoqueen","|-damage|p2a: Nidoqueen|8/268","|","|-heal|p1a: Quagsire|209/263|[from] item: Leftovers","|turn|6","|","|move|p2a: Nidoqueen|Toxic Spikes|p1a: Quagsire","|-sidestart|p1: flarz|move: Toxic Spikes","|move|p1a: Quagsire|Ice Punch|p2a: Nidoqueen","|-supereffective|p2a: Nidoqueen","|-damage|p2a: Nidoqueen|0 fnt","|faint|p2a: Nidoqueen","|","|-heal|p1a: Quagsire|225/263|[from] item: Leftovers","|","|switch|p2a: Liepard|Liepard, L86, M|250/250","|turn|7","|","|move|p2a: Liepard|Sucker Punch|p1a: Quagsire","|-fail|p1a: Quagsire","|move|p1a: Quagsire|Toxic|p2a: Liepard","|-status|p2a: Liepard|tox","|","|-heal|p1a: Quagsire|241/263|[from] item: Leftovers","|-damage|p2a: Liepard|235/250 tox|[from] psn","|turn|8","|","|move|p2a: Liepard|Encore|p1a: Quagsire","|-start|p1a: Quagsire|Encore","|move|p1a: Quagsire|Toxic|p2a: Liepard","|-fail|p2a: Liepard|tox","|","|-heal|p2a: Liepard|250/250 tox|[from] item: Leftovers","|-heal|p1a: Quagsire|257/263|[from] item: Leftovers","|-damage|p2a: Liepard|220/250 tox|[from] psn","|turn|9","|","|switch|p1a: Drapion|Drapion, L82, M|249/249","|-sideend|p1: flarz|move: Toxic Spikes|[of] p1a: Drapion","|move|p2a: Liepard|Knock Off|p1a: Drapion","|-resisted|p1a: Drapion","|-damage|p1a: Drapion|209/249","|-enditem|p1a: Drapion|Choice Band|[from] move: Knock Off|[of] p2a: Liepard","|","|-heal|p2a: Liepard|235/250 tox|[from] item: Leftovers","|-damage|p2a: Liepard|190/250 tox|[from] psn","|turn|10","|","|move|p2a: Liepard|Thunder Wave|p1a: Drapion","|-status|p1a: Drapion|par","|move|p1a: Drapion|Poison Jab|p2a: Liepard","|-damage|p2a: Liepard|88/250 tox","|","|-heal|p2a: Liepard|103/250 tox|[from] item: Leftovers","|-damage|p2a: Liepard|43/250 tox|[from] psn","|turn|11","|player|p1","|player|p1|flarz|66","|","|move|p2a: Liepard|Sucker Punch|p1a: Drapion","|-resisted|p1a: Drapion","|-damage|p1a: Drapion|173/249 par","|cant|p1a: Drapion|par","|","|-heal|p2a: Liepard|58/250 tox|[from] item: Leftovers","|-damage|p2a: Liepard|0 fnt|[from] psn","|faint|p2a: Liepard","|","|switch|p2a: Aerodactyl|Aerodactyl, L78, F|253/253","|-ability|p2a: Aerodactyl|Pressure","|turn|12","|","|detailschange|p2a: Aerodactyl|Aerodactyl-Mega, L78, F","|message|Aerodactyl has Mega Evolved into Mega Aerodactyl!","|move|p2a: Aerodactyl|Stone Edge|p1a: Drapion|[miss]","|-miss|p2a: Aerodactyl|p1a: Drapion","|move|p1a: Drapion|Aqua Tail|p2a: Aerodactyl","|-supereffective|p2a: Aerodactyl","|-damage|p2a: Aerodactyl|119/253","|","|turn|13","|","|move|p2a: Aerodactyl|Stone Edge|p1a: Drapion","|-crit|p1a: Drapion","|-damage|p1a: Drapion|8/249 par","|cant|p1a: Drapion|par","|","|turn|14","|","|move|p2a: Aerodactyl|Stone Edge|p1a: Drapion","|-damage|p1a: Drapion|0 fnt","|faint|p1a: Drapion","|","|","|switch|p1a: Quagsire|Quagsire, L74, M|257/263","|turn|15","|","|move|p2a: Aerodactyl|Roost|p2a: Aerodactyl","|-heal|p2a: Aerodactyl|246/253","|move|p1a: Quagsire|Waterfall|p2a: Aerodactyl","|-supereffective|p2a: Aerodactyl","|-damage|p2a: Aerodactyl|102/253","|","|-heal|p1a: Quagsire|263/263|[from] item: Leftovers","|turn|16","|","|move|p2a: Aerodactyl|Stone Edge|p1a: Quagsire","|-resisted|p1a: Quagsire","|-damage|p1a: Quagsire|192/263","|move|p1a: Quagsire|Curse|p1a: Quagsire","|-boost|p1a: Quagsire|atk|1","|-boost|p1a: Quagsire|def|1","|-unboost|p1a: Quagsire|spe|1","|","|-heal|p1a: Quagsire|208/263|[from] item: Leftovers","|turn|17","|","|move|p2a: Aerodactyl|Taunt|p1a: Quagsire","|-start|p1a: Quagsire|move: Taunt","|cant|p1a: Quagsire|move: Taunt|Curse","|","|-heal|p1a: Quagsire|224/263|[from] item: Leftovers","|turn|18","|","|move|p2a: Aerodactyl|Stone Edge|p1a: Quagsire","|-resisted|p1a: Quagsire","|-damage|p1a: Quagsire|176/263","|move|p1a: Quagsire|Waterfall|p2a: Aerodactyl","|-supereffective|p2a: Aerodactyl","|-damage|p2a: Aerodactyl|0 fnt","|faint|p2a: Aerodactyl","|","|-heal|p1a: Quagsire|192/263|[from] item: Leftovers","|","|switch|p2a: Gengar|Gengar, L74, M|211/211","|turn|19","|","|move|p2a: Gengar|Shadow Ball|p1a: Quagsire","|-damage|p1a: Quagsire|66/263","|move|p1a: Quagsire|Waterfall|p2a: Gengar","|-damage|p2a: Gengar|73/211","|","|-heal|p2a: Gengar|86/211|[from] item: Black Sludge","|-heal|p1a: Quagsire|82/263|[from] item: Leftovers","|-end|p1a: Quagsire|move: Taunt","|turn|20","|","|move|p2a: Gengar|Shadow Ball|p1a: Quagsire","|-damage|p1a: Quagsire|0 fnt","|faint|p1a: Quagsire","|","|-heal|p2a: Gengar|99/211|[from] item: Black Sludge","|","|switch|p1a: Pyroar|Pyroar, L86, F|288/288","|turn|21","|","|move|p1a: Pyroar|Fire Blast|p2a: Gengar|[miss]","|-miss|p1a: Pyroar|p2a: Gengar","|move|p2a: Gengar|Focus Blast|p1a: Pyroar|[miss]","|-miss|p2a: Gengar|p1a: Pyroar","|","|-heal|p2a: Gengar|112/211|[from] item: Black Sludge","|turn|22","|","|move|p1a: Pyroar|Fire Blast|p2a: Gengar","|-damage|p2a: Gengar|0 fnt","|faint|p2a: Gengar","|-boost|p1a: Pyroar|atk|1|[from] ability: Moxie","|","|","|switch|p2a: Lugia|Lugia, L70|264/264","|turn|23","|","|move|p1a: Pyroar|Will-O-Wisp|p2a: Lugia","|-status|p2a: Lugia|brn","|move|p2a: Lugia|Whirlwind|p1a: Pyroar","|drag|p1a: Mandibuzz|Mandibuzz, L74, F|285/285","|","|-damage|p2a: Lugia|231/264 brn|[from] brn","|turn|24","|","|move|p2a: Lugia|Ice Beam|p1a: Mandibuzz","|-supereffective|p1a: Mandibuzz","|-damage|p1a: Mandibuzz|195/285","|move|p1a: Mandibuzz|Brave Bird|p2a: Lugia","|-damage|p2a: Lugia|162/264 brn","|-damage|p1a: Mandibuzz|172/285|[from] recoil|[of] p2a: Lugia","|","|-heal|p2a: Lugia|178/264 brn|[from] item: Leftovers","|-heal|p1a: Mandibuzz|189/285|[from] item: Leftovers","|-damage|p2a: Lugia|145/264 brn|[from] brn","|turn|25","|","|win|Rosepetal"],"p1rating":{"entryid":"4678894","serverid":"prism","formatid":"randombattle","userid":"flarz","username":"flarz","w":"0","l":2,"t":"0","gxe":40,"r":"1459.8393856612","rd":131.78848568598,"sigma":"0","rptime":1408924800,"rpr":1418.7402952847,"rprd":124.38674205414,"rpsigma":"0","acre":1000,"lacre":1000,"oldacre":"1000"},"p2rating":{"entryid":"4678859","serverid":"prism","formatid":"randombattle","userid":"rosepetal","username":"Rose Petal","w":1,"l":"1","t":"0","gxe":50.1,"r":"1459.8393856612","rd":131.78848568598,"sigma":"0","rptime":1408924800,"rpr":1500.9384760377,"rprd":124.38674205414,"rpsigma":"0","acre":1040,"lacre":1040,"oldacre":"1000"},"endType":"forfeit"}