{"turns":20,"p1":"Nolan20012","p2":"Efin","p1team":[{"name":"Gengar","species":"Gengar","item":"gengarite","ability":"Levitate","moves":["hypnosis","dreameater","shadowball","psychic"],"nature":"","evs":{"hp":84,"atk":84,"def":84,"spa":84,"spd":84,"spe":84},"ivs":{"hp":31,"atk":31,"def":31,"spa":31,"spd":31,"spe":31}},{"name":"Venusaur","species":"Venusaur","item":"venusaurite","ability":"Overgrow","moves":["leafstorm","sleeppowder","frenzyplant","outrage"],"nature":"","shiny":true,"evs":{"hp":84,"atk":84,"def":84,"spa":84,"spd":84,"spe":84},"ivs":{"hp":31,"atk":31,"def":31,"spa":31,"spd":31,"spe":31}},{"name":"Seviper","species":"Seviper","item":"leftovers","ability":"Shed Skin","moves":["crunch","dragontail","poisonjab","toxic"],"nature":"","shiny":true,"evs":{"hp":84,"atk":84,"def":84,"spa":84,"spd":84,"spe":84},"ivs":{"hp":31,"atk":31,"def":31,"spa":31,"spd":31,"spe":31}},{"name":"Scolipede","species":"Scolipede","item":"leftovers","ability":"Poison Point","moves":["earthquake","megahorn","poisonjab","rockslide"],"nature":"","shiny":true,"evs":{"hp":84,"atk":84,"def":84,"spa":84,"spd":84,"spe":84},"ivs":{"hp":31,"atk":31,"def":31,"spa":31,"spd":31,"spe":31}},{"name":"Crobat","species":"Crobat","item":"leftovers","ability":"Inner Focus","moves":["airslash","bravebird","crosspoison","hiddenpowerice"],"nature":"","ivs":{"hp":31,"atk":30,"def":30,"spa":31,"spd":31,"spe":31},"evs":{"hp":84,"atk":84,"def":84,"spa":84,"spd":84,"spe":84}},{"name":"Tentacruel","species":"Tentacruel","item":"leftovers","ability":"Clear Body","moves":["icebeam","hydropump","poisonjab","blizzard"],"nature":"","shiny":true,"evs":{"hp":84,"atk":84,"def":84,"spa":84,"spd":84,"spe":84},"ivs":{"hp":31,"atk":31,"def":31,"spa":31,"spd":31,"spe":31}}],"p2team":[{"name":"Chandelure","species":"Chandelure","item":"widelens","ability":"Flash Fire","moves":["fireblast","shadowball","toxic","inferno"],"nature":"","shiny":true,"evs":{"hp":84,"atk":84,"def":84,"spa":84,"spd":84,"spe":84},"ivs":{"hp":31,"atk":31,"def":31,"spa":31,"spd":31,"spe":31}},{"name":"Arcanine","species":"Arcanine","item":"charcoal","ability":"Intimidate","moves":["closecombat","extremespeed","wildcharge","flareblitz"],"nature":"","evs":{"hp":84,"atk":84,"def":84,"spa":84,"spd":84,"spe":84},"ivs":{"hp":31,"atk":31,"def":31,"spa":31,"spd":31,"spe":31}},{"name":"Charizard","species":"Charizard","item":"charizarditex","ability":"Blaze","moves":["dragonclaw","flareblitz","airslash","brickbreak"],"nature":"","evs":{"hp":84,"atk":84,"def":84,"spa":84,"spd":84,"spe":84},"ivs":{"hp":31,"atk":31,"def":31,"spa":31,"spd":31,"spe":31}},{"name":"Blaziken","species":"Blaziken","item":"blazikenite","ability":"Blaze","moves":["bravebird","skyuppercut","highjumpkick","flareblitz"],"nature":"","evs":{"hp":84,"atk":84,"def":84,"spa":84,"spd":84,"spe":84},"ivs":{"hp":31,"atk":31,"def":31,"spa":31,"spd":31,"spe":31}},{"name":"Houndoom","species":"Houndoom","item":"houndoominite","ability":"Early Bird","moves":["heatwave","bodyslam","darkpulse","shadowball"],"nature":"","evs":{"hp":84,"atk":84,"def":84,"spa":84,"spd":84,"spe":84},"ivs":{"hp":31,"atk":31,"def":31,"spa":31,"spd":31,"spe":31}},{"name":"Rotom-Heat","species":"Rotom-Heat","item":"charcoal","ability":"Levitate","moves":["thunderbolt","overheat","suckerpunch","electroball"],"nature":"","evs":{"hp":84,"atk":84,"def":84,"spa":84,"spd":84,"spe":84},"ivs":{"hp":31,"atk":31,"def":31,"spa":31,"spd":31,"spe":31}}],"log":["|player|p1|Nolan20012|266","|player|p2|Efin|163","|gametype|singles","|gen|6","|tier|Ubers","|rated","|clearpoke","|poke|p1|Gengar, M","|poke|p1|Venusaur, M, shiny","|poke|p1|Seviper, M, shiny","|poke|p1|Scolipede, F, shiny","|poke|p1|Crobat, F","|poke|p1|Tentacruel, M, shiny","|poke|p2|Chandelure, F, shiny","|poke|p2|Arcanine, M","|poke|p2|Charizard, M","|poke|p2|Blaziken, M","|poke|p2|Houndoom, M","|poke|p2|Rotom-Heat","|rule|Sleep Clause Mod: Limit one foe put to sleep","|rule|Species Clause: Limit one of each Pokemon","|rule|Moody Clause: Moody is banned","|rule|OHKO Clause: OHKO moves are banned","|rule|Endless Battle Clause: Forcing endless battles is banned.","|rule|HP Percentage Mod: HP is reported as percentages","|teampreview","|","|start","|switch|p1a: Crobat|Crobat, F|332/332","|switch|p2a: Rotom-Heat|Rotom-Heat|262/262","|turn|1","|","|move|p1a: Crobat|Cross Poison|p2a: Rotom-Heat","|-damage|p2a: Rotom-Heat|186/262","|-status|p2a: Rotom-Heat|psn","|move|p2a: Rotom-Heat|Electro Ball|p1a: Crobat","|-supereffective|p1a: Crobat","|-damage|p1a: Crobat|216/332","|","|-heal|p1a: Crobat|236/332|[from] item: Leftovers","|-damage|p2a: Rotom-Heat|154/262 psn|[from] psn","|turn|2","|","|move|p1a: Crobat|Air Slash|p2a: Rotom-Heat","|-resisted|p2a: Rotom-Heat","|-damage|p2a: Rotom-Heat|124/262 psn","|move|p2a: Rotom-Heat|Thunderbolt|p1a: Crobat","|-supereffective|p1a: Crobat","|-damage|p1a: Crobat|0 fnt","|faint|p1a: Crobat","|","|-damage|p2a: Rotom-Heat|92/262 psn|[from] psn","|","|switch|p1a: Seviper|Seviper, M, shiny|308/308","|turn|3","|","|switch|p2a: Arcanine|Arcanine, M|342/342","|-ability|p2a: Arcanine|Intimidate|[of] p1a: Seviper","|-unboost|p1a: Seviper|atk|1","|move|p1a: Seviper|Poison Jab|p2a: Arcanine","|-damage|p2a: Arcanine|270/342","|","|turn|4","|","|move|p2a: Arcanine|Close Combat|p1a: Seviper","|-resisted|p1a: Seviper","|-damage|p1a: Seviper|229/308","|-unboost|p2a: Arcanine|def|1","|-unboost|p2a: Arcanine|spd|1","|move|p1a: Seviper|Toxic|p2a: Arcanine","|-status|p2a: Arcanine|tox","|","|-heal|p1a: Seviper|248/308|[from] item: Leftovers","|-damage|p2a: Arcanine|249/342 tox|[from] psn","|turn|5","|","|move|p2a: Arcanine|Extreme Speed|p1a: Seviper","|-damage|p1a: Seviper|145/308","|move|p1a: Seviper|Poison Jab|p2a: Arcanine","|-damage|p2a: Arcanine|146/342 tox","|","|-heal|p1a: Seviper|164/308|[from] item: Leftovers","|-damage|p2a: Arcanine|104/342 tox|[from] psn","|turn|6","|","|move|p2a: Arcanine|Extreme Speed|p1a: Seviper","|-damage|p1a: Seviper|74/308","|move|p1a: Seviper|Poison Jab|p2a: Arcanine","|-damage|p2a: Arcanine|0 fnt","|faint|p2a: Arcanine","|","|-heal|p1a: Seviper|93/308|[from] item: Leftovers","|","|switch|p2a: Charizard|Charizard, M|318/318","|turn|7","|","|detailschange|p2a: Charizard|Charizard-Mega-X, M","|message|Charizard has Mega Evolved into Mega Charizard!","|move|p2a: Charizard|Flare Blitz|p1a: Seviper","|-damage|p1a: Seviper|0 fnt","|-damage|p2a: Charizard|287/318|[from] recoil|[of] p1a: Seviper","|faint|p1a: Seviper","|","|","|switch|p1a: Venusaur|Venusaur, M, shiny|322/322","|turn|8","|","|move|p2a: Charizard|Flare Blitz|p1a: Venusaur","|-supereffective|p1a: Venusaur","|-damage|p1a: Venusaur|0 fnt","|-damage|p2a: Charizard|181/318|[from] recoil|[of] p1a: Venusaur","|faint|p1a: Venusaur","|","|","|switch|p1a: Tentacruel|Tentacruel, M, shiny|322/322","|turn|9","|","|move|p1a: Tentacruel|Hydro Pump|p2a: Charizard|[miss]","|-miss|p1a: Tentacruel|p2a: Charizard","|move|p2a: Charizard|Brick Break|p1a: Tentacruel","|-resisted|p1a: Tentacruel","|-damage|p1a: Tentacruel|254/322","|","|-heal|p1a: Tentacruel|274/322|[from] item: Leftovers","|turn|10","|","|move|p2a: Charizard|Dragon Claw|p1a: Tentacruel","|-damage|p1a: Tentacruel|46/322","|move|p1a: Tentacruel|Hydro Pump|p2a: Charizard","|-damage|p2a: Charizard|54/318","|","|-heal|p1a: Tentacruel|66/322|[from] item: Leftovers","|turn|11","|","|switch|p1a: Scolipede|Scolipede, F, shiny|282/282","|move|p2a: Charizard|Dragon Claw|p1a: Scolipede","|-damage|p1a: Scolipede|116/282","|","|-heal|p1a: Scolipede|133/282|[from] item: Leftovers","|turn|12","|","|move|p1a: Scolipede|Rock Slide|p2a: Charizard","|-supereffective|p2a: Charizard","|-damage|p2a: Charizard|0 fnt","|faint|p2a: Charizard","|","|-heal|p1a: Scolipede|150/282|[from] item: Leftovers","|","|switch|p2a: Chandelure|Chandelure, F, shiny|282/282","|turn|13","|","|move|p1a: Scolipede|Rock Slide|p2a: Chandelure","|-supereffective|p2a: Chandelure","|-damage|p2a: Chandelure|160/282","|cant|p2a: Chandelure|flinch","|","|-heal|p1a: Scolipede|167/282|[from] item: Leftovers","|turn|14","|","|move|p1a: Scolipede|Rock Slide|p2a: Chandelure","|-supereffective|p2a: Chandelure","|-damage|p2a: Chandelure|26/282","|cant|p2a: Chandelure|flinch","|","|-heal|p1a: Scolipede|184/282|[from] item: Leftovers","|turn|15","|","|move|p1a: Scolipede|Rock Slide|p2a: Chandelure","|-supereffective|p2a: Chandelure","|-damage|p2a: Chandelure|0 fnt","|faint|p2a: Chandelure","|","|-heal|p1a: Scolipede|201/282|[from] item: Leftovers","|","|switch|p2a: Blaziken|Blaziken, M|322/322","|turn|16","|","|move|p1a: Scolipede|Earthquake|p2a: Blaziken","|-supereffective|p2a: Blaziken","|-damage|p2a: Blaziken|120/322","|move|p2a: Blaziken|Flare Blitz|p1a: Scolipede","|-supereffective|p1a: Scolipede","|-damage|p1a: Scolipede|0 fnt","|-status|p2a: Blaziken|psn","|-damage|p2a: Blaziken|54/322 psn|[from] recoil|[of] p1a: Scolipede","|faint|p1a: Scolipede","|","|-damage|p2a: Blaziken|14/322 psn|[from] psn","|","|switch|p1a: Gengar|Gengar, M|282/282","|turn|17","|","|move|p1a: Gengar|Psychic|p2a: Blaziken","|-supereffective|p2a: Blaziken","|-damage|p2a: Blaziken|0 fnt","|faint|p2a: Blaziken","|","|","|switch|p2a: Houndoom|Houndoom, M|312/312","|turn|18","|","|move|p1a: Gengar|Hypnosis|p2a: Houndoom|[miss]","|-miss|p1a: Gengar|p2a: Houndoom","|move|p2a: Houndoom|Shadow Ball|p1a: Gengar","|-supereffective|p1a: Gengar","|-damage|p1a: Gengar|104/282","|-unboost|p1a: Gengar|spd|1","|","|turn|19","|","|detailschange|p1a: Gengar|Gengar-Mega, M","|message|Gengar has Mega Evolved into Mega Gengar!","|move|p1a: Gengar|Hypnosis|p2a: Houndoom","|-status|p2a: Houndoom|slp","|-curestatus|p2a: Houndoom|slp","|move|p2a: Houndoom|Shadow Ball|p1a: Gengar","|-supereffective|p1a: Gengar","|-damage|p1a: Gengar|0 fnt","|faint|p1a: Gengar","|","|","|switch|p1a: Tentacruel|Tentacruel, M, shiny|66/322","|turn|20","|","|move|p1a: Tentacruel|Hydro Pump|p2a: Houndoom","|-supereffective|p2a: Houndoom","|-damage|p2a: Houndoom|64/312","|move|p2a: Houndoom|Body Slam|p1a: Tentacruel","|-damage|p1a: Tentacruel|0 fnt","|faint|p1a: Tentacruel","|","|win|Efin"],"p1rating":{"entryid":5994015,"formatid":"ubers","userid":"nolan20012","username":"Nolan20012","r":1500,"rd":130,"sigma":0,"rpr":1459.8393856612,"rprd":122.8583080769,"rpsigma":0,"rptime":1408492800,"w":0,"l":1,"t":0,"gxe":45,"acre":1000,"lacre":1000,"oldacre":1000},"p2rating":{"entryid":5994016,"formatid":"ubers","userid":"efin","username":"Efin","r":1500,"rd":130,"sigma":0,"rpr":1540.1606143388,"rprd":122.8583080769,"rpsigma":0,"rptime":1408492800,"w":1,"l":0,"t":0,"gxe":55,"acre":1040,"lacre":1040,"oldacre":1000},"endType":"normal"}