{"turns":26,"p1":"super sonic 4444","p2":"Hadfgt","p1team":[{"name":"Sableye","moves":["taunt","seismictoss","trick","toxic"],"ability":"Prankster","evs":{"hp":85,"atk":85,"def":85,"spa":85,"spd":85,"spe":85},"ivs":{"hp":31,"atk":31,"def":31,"spa":31,"spd":31,"spe":31},"item":"Choice Scarf","level":80,"shiny":false},{"name":"Slowking","moves":["nastyplot","fireblast","grassknot","toxic"],"ability":"Regenerator","evs":{"hp":85,"atk":85,"def":85,"spa":85,"spd":85,"spe":85},"ivs":{"hp":31,"atk":31,"def":31,"spa":31,"spd":31,"spe":31},"item":"Leftovers","level":82,"shiny":false},{"name":"Giratina-Origin","moves":["substitute","dracometeor","shadowball","hiddenpowerfire"],"ability":"Levitate","evs":{"hp":85,"atk":85,"def":85,"spa":85,"spd":85,"spe":85},"ivs":{"hp":31,"atk":30,"def":31,"spa":30,"spd":31,"spe":30},"item":"Griseous Orb","level":70,"shiny":false},{"name":"Carracosta","moves":["waterfall","shellsmash","stoneedge","earthquake"],"ability":"Solid Rock","evs":{"hp":85,"atk":85,"def":85,"spa":85,"spd":85,"spe":85},"ivs":{"hp":31,"atk":31,"def":31,"spa":31,"spd":31,"spe":31},"item":"White Herb","level":86,"shiny":false},{"name":"Jirachi","moves":["bodyslam","thunderwave","stealthrock","firepunch"],"ability":"Serene Grace","evs":{"hp":85,"atk":85,"def":85,"spa":85,"spd":85,"spe":85},"ivs":{"hp":31,"atk":31,"def":31,"spa":31,"spd":31,"spe":31},"item":"Leftovers","level":78,"shiny":false},{"name":"Gliscor","moves":["taunt","roost","substitute","earthquake"],"ability":"Poison Heal","evs":{"hp":85,"atk":85,"def":85,"spa":85,"spd":85,"spe":85},"ivs":{"hp":31,"atk":31,"def":31,"spa":31,"spd":31,"spe":31},"item":"Toxic Orb","level":74,"shiny":false}],"p2team":[{"name":"Mesprit","moves":["icebeam","stealthrock","calmmind","psychic"],"ability":"Levitate","evs":{"hp":85,"atk":85,"def":85,"spa":85,"spd":85,"spe":85},"ivs":{"hp":31,"atk":31,"def":31,"spa":31,"spd":31,"spe":31},"item":"Focus Sash","level":86,"shiny":false},{"name":"Mothim","moves":["roost","gigadrain","quiverdance","airslash"],"ability":"Tinted Lens","evs":{"hp":85,"atk":85,"def":85,"spa":85,"spd":85,"spe":85},"ivs":{"hp":31,"atk":31,"def":31,"spa":31,"spd":31,"spe":31},"item":"Leftovers","level":86,"shiny":false},{"name":"Latias","moves":["thunderbolt","psychoshift","defog","surf"],"ability":"Levitate","evs":{"hp":85,"atk":85,"def":85,"spa":85,"spd":85,"spe":85},"ivs":{"hp":31,"atk":31,"def":31,"spa":31,"spd":31,"spe":31},"item":"Leftovers","level":74,"shiny":false},{"name":"Scizor","moves":["superpower","bugbite","bulletpunch","roost"],"ability":"Technician","evs":{"hp":85,"atk":85,"def":85,"spa":85,"spd":85,"spe":85},"ivs":{"hp":31,"atk":31,"def":31,"spa":31,"spd":31,"spe":31},"item":"Scizorite","level":74,"shiny":false},{"name":"Regice","moves":["icebeam","thunderwave","rest","thunderbolt"],"ability":"Ice Body","evs":{"hp":85,"atk":85,"def":85,"spa":85,"spd":85,"spe":85},"ivs":{"hp":31,"atk":31,"def":31,"spa":31,"spd":31,"spe":31},"item":"Chesto Berry","level":86,"shiny":false},{"name":"Sawsbuck","moves":["swordsdance","hornleech","substitute","jumpkick"],"ability":"Sap Sipper","evs":{"hp":85,"atk":85,"def":85,"spa":85,"spd":85,"spe":85},"ivs":{"hp":31,"atk":31,"def":31,"spa":31,"spd":31,"spe":31},"item":"Leftovers","level":86,"shiny":false}],"log":["|player|p1|super sonic 4444|153","|player|p2|Hadfgt|265","|gametype|singles","|gen|6","|tier|Random Battle","|rated","|rule|Sleep Clause Mod: Limit one foe put to sleep","|rule|HP Percentage Mod: HP is reported as percentages","|","|start","|switch|p1a: Sableye|Sableye, L80, F|211/211","|switch|p2a: Mesprit|Mesprit, L86|278/278","|turn|1","|","|move|p1a: Sableye|Toxic|p2a: Mesprit","|-status|p2a: Mesprit|tox","|move|p2a: Mesprit|Ice Beam|p1a: Sableye","|-damage|p1a: Sableye|122/211","|","|-damage|p2a: Mesprit|261/278 tox|[from] psn","|turn|2","|","|move|p1a: Sableye|Toxic|p2a: Mesprit","|-fail|p2a: Mesprit|tox","|move|p2a: Mesprit|Psychic|p1a: Sableye","|-immune|p1a: Sableye|[msg]","|","|-damage|p2a: Mesprit|227/278 tox|[from] psn","|turn|3","|","|move|p1a: Sableye|Toxic|p2a: Mesprit","|-fail|p2a: Mesprit|tox","|move|p2a: Mesprit|Ice Beam|p1a: Sableye","|-damage|p1a: Sableye|32/211","|","|-damage|p2a: Mesprit|176/278 tox|[from] psn","|turn|4","|","|move|p1a: Sableye|Toxic|p2a: Mesprit","|-fail|p2a: Mesprit|tox","|move|p2a: Mesprit|Ice Beam|p1a: Sableye","|-damage|p1a: Sableye|0 fnt","|faint|p1a: Sableye","|","|-damage|p2a: Mesprit|108/278 tox|[from] psn","|","|switch|p1a: Slowking|Slowking, L82, F|290/290","|turn|5","|","|move|p2a: Mesprit|Ice Beam|p1a: Slowking","|-resisted|p1a: Slowking","|-damage|p1a: Slowking|258/290","|move|p1a: Slowking|Fire Blast|p2a: Mesprit","|-damage|p2a: Mesprit|41/278 tox","|","|-heal|p1a: Slowking|276/290|[from] item: Leftovers","|-damage|p2a: Mesprit|0 fnt|[from] psn","|faint|p2a: Mesprit","|","|switch|p2a: Mothim|Mothim, L86, M|261/261","|turn|6","|","|move|p2a: Mothim|Giga Drain|p1a: Slowking","|-supereffective|p1a: Slowking","|-damage|p1a: Slowking|174/290","|move|p1a: Slowking|Fire Blast|p2a: Mothim","|-supereffective|p2a: Mothim","|-damage|p2a: Mothim|37/261","|-status|p2a: Mothim|brn","|","|-heal|p2a: Mothim|53/261 brn|[from] item: Leftovers","|-heal|p1a: Slowking|192/290|[from] item: Leftovers","|-damage|p2a: Mothim|21/261 brn|[from] brn","|turn|7","|","|move|p2a: Mothim|Giga Drain|p1a: Slowking","|-supereffective|p1a: Slowking","|-damage|p1a: Slowking|106/290","|-heal|p2a: Mothim|64/261 brn|[from] drain|[of] p1a: Slowking","|move|p1a: Slowking|Grass Knot|p2a: Mothim","|-resisted|p2a: Mothim","|-damage|p2a: Mothim|55/261 brn","|","|-heal|p2a: Mothim|71/261 brn|[from] item: Leftovers","|-heal|p1a: Slowking|124/290|[from] item: Leftovers","|-damage|p2a: Mothim|39/261 brn|[from] brn","|turn|8","|","|move|p2a: Mothim|Air Slash|p1a: Slowking","|-damage|p1a: Slowking|51/290","|move|p1a: Slowking|Fire Blast|p2a: Mothim","|-supereffective|p2a: Mothim","|-damage|p2a: Mothim|0 fnt","|faint|p2a: Mothim","|","|-heal|p1a: Slowking|69/290|[from] item: Leftovers","|","|switch|p2a: Latias|Latias, L74, F|240/240","|turn|9","|","|move|p2a: Latias|Thunderbolt|p1a: Slowking","|-supereffective|p1a: Slowking","|-damage|p1a: Slowking|0 fnt","|faint|p1a: Slowking","|","|","|switch|p1a: Carracosta|Carracosta, L86, F|268/268","|turn|10","|","|move|p2a: Latias|Thunderbolt|p1a: Carracosta","|-supereffective|p1a: Carracosta","|-damage|p1a: Carracosta|172/268","|move|p1a: Carracosta|Waterfall|p2a: Latias","|-resisted|p2a: Latias","|-damage|p2a: Latias|190/240","|","|-heal|p2a: Latias|205/240|[from] item: Leftovers","|turn|11","|","|move|p2a: Latias|Thunderbolt|p1a: Carracosta","|-supereffective|p1a: Carracosta","|-damage|p1a: Carracosta|67/268","|move|p1a: Carracosta|Stone Edge|p2a: Latias","|-damage|p2a: Latias|79/240","|","|-heal|p2a: Latias|94/240|[from] item: Leftovers","|turn|12","|","|move|p2a: Latias|Thunderbolt|p1a: Carracosta","|-supereffective|p1a: Carracosta","|-damage|p1a: Carracosta|0 fnt","|faint|p1a: Carracosta","|","|-heal|p2a: Latias|109/240|[from] item: Leftovers","|","|switch|p1a: Gliscor|Gliscor, L74, M|233/233","|turn|13","|","|move|p2a: Latias|Thunderbolt|p1a: Gliscor","|-immune|p1a: Gliscor|[msg]","|move|p1a: Gliscor|Taunt|p2a: Latias","|-start|p2a: Latias|move: Taunt","|","|-heal|p2a: Latias|124/240|[from] item: Leftovers","|-status|p1a: Gliscor|tox|[from] item: Toxic Orb","|turn|14","|","|move|p2a: Latias|Surf|p1a: Gliscor","|-supereffective|p1a: Gliscor","|-damage|p1a: Gliscor|95/233 tox","|move|p1a: Gliscor|Earthquake|p2a: Latias","|-immune|p2a: Latias|[msg]","|","|-heal|p2a: Latias|139/240|[from] item: Leftovers","|-heal|p1a: Gliscor|124/233 tox|[from] ability: Poison Heal","|turn|15","|","|move|p2a: Latias|Surf|p1a: Gliscor","|-supereffective|p1a: Gliscor","|-damage|p1a: Gliscor|0 fnt","|faint|p1a: Gliscor","|","|-heal|p2a: Latias|154/240|[from] item: Leftovers","|","|switch|p1a: Jirachi|Jirachi, L78|284/284","|turn|16","|","|move|p2a: Latias|Thunderbolt|p1a: Jirachi","|-damage|p1a: Jirachi|233/284","|move|p1a: Jirachi|Fire Punch|p2a: Latias","|-resisted|p2a: Latias","|-damage|p2a: Latias|126/240","|","|-heal|p2a: Latias|141/240|[from] item: Leftovers","|-heal|p1a: Jirachi|250/284|[from] item: Leftovers","|-end|p2a: Latias|move: Taunt","|turn|17","|","|move|p2a: Latias|Surf|p1a: Jirachi","|-damage|p1a: Jirachi|200/284","|move|p1a: Jirachi|Body Slam|p2a: Latias","|-damage|p2a: Latias|80/240","|-status|p2a: Latias|par","|","|-heal|p1a: Jirachi|217/284|[from] item: Leftovers","|-heal|p2a: Latias|95/240 par|[from] item: Leftovers","|turn|18","|","|switch|p2a: Scizor|Scizor, L74, F|226/226","|move|p1a: Jirachi|Stealth Rock|p2a: Scizor","|-sidestart|p2: Hadfgt|move: Stealth Rock","|","|-heal|p1a: Jirachi|234/284|[from] item: Leftovers","|turn|19","|","|detailschange|p2a: Scizor|Scizor-Mega, L74, F","|message|Scizor has Mega Evolved into Mega Scizor!","|move|p1a: Jirachi|Fire Punch|p2a: Scizor","|-supereffective|p2a: Scizor","|-damage|p2a: Scizor|78/226","|-status|p2a: Scizor|brn","|move|p2a: Scizor|Superpower|p1a: Jirachi","|-damage|p1a: Jirachi|191/284","|-unboost|p2a: Scizor|atk|1","|-unboost|p2a: Scizor|def|1","|","|-heal|p1a: Jirachi|208/284|[from] item: Leftovers","|-damage|p2a: Scizor|50/226 brn|[from] brn","|turn|20","|","|move|p2a: Scizor|Bullet Punch|p1a: Jirachi","|-resisted|p1a: Jirachi","|-damage|p1a: Jirachi|196/284","|move|p1a: Jirachi|Fire Punch|p2a: Scizor","|-supereffective|p2a: Scizor","|-damage|p2a: Scizor|0 fnt","|faint|p2a: Scizor","|","|-heal|p1a: Jirachi|213/284|[from] item: Leftovers","|","|switch|p2a: Regice|Regice, L86|278/278","|-damage|p2a: Regice|209/278|[from] Stealth Rock","|turn|21","|","|move|p1a: Jirachi|Fire Punch|p2a: Regice","|-supereffective|p2a: Regice","|-damage|p2a: Regice|119/278","|-status|p2a: Regice|brn","|move|p2a: Regice|Ice Beam|p1a: Jirachi","|-resisted|p1a: Jirachi","|-damage|p1a: Jirachi|165/284","|","|-heal|p1a: Jirachi|182/284|[from] item: Leftovers","|-damage|p2a: Regice|85/278 brn|[from] brn","|turn|22","|","|switch|p2a: Sawsbuck|Sawsbuck, L86, F|278/278","|-damage|p2a: Sawsbuck|244/278|[from] Stealth Rock","|move|p1a: Jirachi|Fire Punch|p2a: Sawsbuck","|-supereffective|p2a: Sawsbuck","|-damage|p2a: Sawsbuck|124/278","|","|-heal|p2a: Sawsbuck|141/278|[from] item: Leftovers","|-heal|p1a: Jirachi|199/284|[from] item: Leftovers","|turn|23","|","|move|p2a: Sawsbuck|Horn Leech|p1a: Jirachi","|-resisted|p1a: Jirachi","|-damage|p1a: Jirachi|157/284","|-heal|p2a: Sawsbuck|162/278|[from] drain|[of] p1a: Jirachi","|move|p1a: Jirachi|Fire Punch|p2a: Sawsbuck","|-supereffective|p2a: Sawsbuck","|-damage|p2a: Sawsbuck|52/278","|-status|p2a: Sawsbuck|brn","|","|-heal|p2a: Sawsbuck|69/278 brn|[from] item: Leftovers","|-heal|p1a: Jirachi|174/284|[from] item: Leftovers","|-damage|p2a: Sawsbuck|35/278 brn|[from] brn","|turn|24","|","|move|p2a: Sawsbuck|Substitute|p2a: Sawsbuck","|-fail|p2a: Sawsbuck|move: Substitute|[weak]","|move|p1a: Jirachi|Body Slam|p2a: Sawsbuck","|-damage|p2a: Sawsbuck|0 fnt","|faint|p2a: Sawsbuck","|","|-heal|p1a: Jirachi|191/284|[from] item: Leftovers","|","|switch|p2a: Latias|Latias, L74, F|95/240 par","|-damage|p2a: Latias|65/240 par|[from] Stealth Rock","|turn|25","|","|move|p1a: Jirachi|Body Slam|p2a: Latias","|-crit|p2a: Latias","|-damage|p2a: Latias|0 fnt","|faint|p2a: Latias","|","|-heal|p1a: Jirachi|208/284|[from] item: Leftovers","|","|switch|p2a: Regice|Regice, L86|85/278 brn","|-damage|p2a: Regice|16/278 brn|[from] Stealth Rock","|turn|26","|","|move|p1a: Jirachi|Fire Punch|p2a: Regice","|-supereffective|p2a: Regice","|-damage|p2a: Regice|0 fnt","|faint|p2a: Regice","|","|win|super sonic 4444"],"p1rating":{"entryid":5085343,"formatid":"randombattle","userid":"supersonic4444","username":"super sonic 4444","r":1500,"rd":130,"sigma":0,"rpr":1540.1606143388,"rprd":122.8583080769,"rpsigma":0,"rptime":1405728000,"w":1,"l":0,"t":0,"gxe":55,"acre":1040,"lacre":1040,"oldacre":1000},"p2rating":{"entryid":5085344,"formatid":"randombattle","userid":"hadfgt","username":"Hadfgt","r":1500,"rd":130,"sigma":0,"rpr":1459.8393856612,"rprd":122.8583080769,"rpsigma":0,"rptime":1405728000,"w":0,"l":1,"t":0,"gxe":45,"acre":1000,"lacre":1000,"oldacre":1000},"endType":"normal"}