{"turns":25,"p1":"Lovedfgh","p2":"dbz master","p1team":[{"name":"Celebi","moves":["leafstorm","calmmind","recover","hiddenpowerice"],"ability":"Natural Cure","evs":{"hp":85,"atk":85,"def":85,"spa":85,"spd":85,"spe":85},"ivs":{"hp":31,"atk":30,"def":30,"spa":31,"spd":31,"spe":31},"item":"Leftovers","level":78,"shiny":false},{"name":"Heatran","moves":["fireblast","hiddenpowerice","willowisp","earthpower"],"ability":"Flash Fire","evs":{"hp":85,"atk":85,"def":85,"spa":85,"spd":85,"spe":85},"ivs":{"hp":31,"atk":30,"def":30,"spa":31,"spd":31,"spe":31},"item":"Air Balloon","level":74,"shiny":false},{"name":"Spinda","moves":["superpower","suckerpunch","wish","protect"],"ability":"Contrary","evs":{"hp":85,"atk":85,"def":85,"spa":85,"spd":85,"spe":85},"ivs":{"hp":31,"atk":31,"def":31,"spa":31,"spd":31,"spe":31},"item":"Leftovers","level":86,"shiny":false},{"name":"Lucario","moves":["icepunch","extremespeed","closecombat","crunch"],"ability":"Justified","evs":{"hp":85,"atk":85,"def":85,"spa":85,"spd":85,"spe":85},"ivs":{"hp":31,"atk":31,"def":31,"spa":31,"spd":31,"spe":31},"item":"Lucarionite","level":72,"shiny":false},{"name":"Throh","moves":["rest","bulkup","icepunch","stormthrow"],"ability":"Guts","evs":{"hp":85,"atk":85,"def":85,"spa":85,"spd":85,"spe":85},"ivs":{"hp":31,"atk":31,"def":31,"spa":31,"spd":31,"spe":31},"item":"Chesto Berry","level":86,"shiny":false},{"name":"Cofagrigus","moves":["trickroom","painsplit","nastyplot","shadowball"],"ability":"Mummy","evs":{"hp":170,"atk":85,"def":85,"spa":85,"spd":85,"spe":0},"ivs":{"hp":31,"atk":31,"def":30,"spa":30,"spd":30,"spe":0},"item":"Leftovers","level":82,"shiny":false}],"p2team":[{"name":"Klinklang","moves":["return","wildcharge","geargrind","shiftgear"],"ability":"Clear Body","evs":{"hp":85,"atk":85,"def":85,"spa":85,"spd":85,"spe":85},"ivs":{"hp":31,"atk":31,"def":31,"spa":31,"spd":31,"spe":31},"item":"Life Orb","level":86,"shiny":false},{"name":"Purugly","moves":["quickattack","hypnosis","return","fakeout"],"ability":"Thick Fat","evs":{"hp":85,"atk":85,"def":85,"spa":85,"spd":85,"spe":85},"ivs":{"hp":31,"atk":31,"def":31,"spa":31,"spd":31,"spe":31},"item":"Life Orb","level":86,"shiny":false},{"name":"Beautifly","moves":["hiddenpowerrock","gigadrain","quiverdance","bugbuzz"],"ability":"Swarm","evs":{"hp":85,"atk":85,"def":85,"spa":85,"spd":85,"spe":85},"ivs":{"hp":31,"atk":31,"def":30,"spa":31,"spd":30,"spe":30},"item":"Life Orb","level":86,"shiny":false},{"name":"Ampharos","moves":["healbell","dragonpulse","powergem","thunderbolt"],"ability":"Static","evs":{"hp":85,"atk":85,"def":85,"spa":85,"spd":85,"spe":85},"ivs":{"hp":31,"atk":30,"def":31,"spa":30,"spd":31,"spe":31},"item":"Ampharosite","level":78,"shiny":false},{"name":"Xerneas","moves":["focusblast","moonblast","thunder","geomancy"],"ability":"Fairy Aura","evs":{"hp":85,"atk":85,"def":85,"spa":85,"spd":85,"spe":85},"ivs":{"hp":31,"atk":31,"def":31,"spa":31,"spd":31,"spe":31},"item":"Power Herb","level":70,"shiny":false},{"name":"Landorus","moves":["rockpolish","earthpower","hiddenpowerice","focusblast"],"ability":"Sheer Force","evs":{"hp":85,"atk":85,"def":85,"spa":85,"spd":85,"spe":85},"ivs":{"hp":31,"atk":30,"def":30,"spa":31,"spd":31,"spe":31},"item":"Life Orb","level":74,"shiny":false}],"log":["|player|p1|Lovedfgh|2","|player|p2|dbz master|169","|gametype|singles","|gen|6","|tier|Random Battle","|rated","|rule|Sleep Clause Mod: Limit one foe put to sleep","|rule|HP Percentage Mod: HP is reported as percentages","|","|start","|switch|p1a: Celebi|Celebi, L78|284/284","|switch|p2a: Klinklang|Klinklang, L86|243/243","|turn|1","|","|move|p2a: Klinklang|Wild Charge|p1a: Celebi","|-resisted|p1a: Celebi","|-damage|p1a: Celebi|244/284","|-damage|p2a: Klinklang|233/243|[from] recoil|[of] p1a: Celebi","|-damage|p2a: Klinklang|209/243|[from] item: Life Orb","|move|p1a: Celebi|Leaf Storm|p2a: Klinklang|[miss]","|-miss|p1a: Celebi|p2a: Klinklang","|","|-heal|p1a: Celebi|261/284|[from] item: Leftovers","|turn|2","|","|move|p2a: Klinklang|Return|p1a: Celebi","|-damage|p1a: Celebi|160/284","|-damage|p2a: Klinklang|185/243|[from] item: Life Orb","|move|p1a: Celebi|Hidden Power|p2a: Klinklang","|-resisted|p2a: Klinklang","|-damage|p2a: Klinklang|167/243","|","|-heal|p1a: Celebi|177/284|[from] item: Leftovers","|turn|3","|","|move|p2a: Klinklang|Return|p1a: Celebi","|-damage|p1a: Celebi|80/284","|-damage|p2a: Klinklang|143/243|[from] item: Life Orb","|move|p1a: Celebi|Recover|p1a: Celebi","|-heal|p1a: Celebi|222/284","|","|-heal|p1a: Celebi|239/284|[from] item: Leftovers","|turn|4","|","|move|p2a: Klinklang|Return|p1a: Celebi","|-damage|p1a: Celebi|135/284","|-damage|p2a: Klinklang|119/243|[from] item: Life Orb","|move|p1a: Celebi|Calm Mind|p1a: Celebi","|-boost|p1a: Celebi|spa|1","|-boost|p1a: Celebi|spd|1","|","|-heal|p1a: Celebi|152/284|[from] item: Leftovers","|turn|5","|","|move|p2a: Klinklang|Return|p1a: Celebi","|-damage|p1a: Celebi|49/284","|-damage|p2a: Klinklang|95/243|[from] item: Life Orb","|move|p1a: Celebi|Recover|p1a: Celebi","|-heal|p1a: Celebi|191/284","|","|-heal|p1a: Celebi|208/284|[from] item: Leftovers","|turn|6","|","|move|p2a: Klinklang|Return|p1a: Celebi","|-crit|p1a: Celebi","|-damage|p1a: Celebi|52/284","|-damage|p2a: Klinklang|71/243|[from] item: Life Orb","|move|p1a: Celebi|Recover|p1a: Celebi","|-heal|p1a: Celebi|194/284","|","|-heal|p1a: Celebi|211/284|[from] item: Leftovers","|turn|7","|","|switch|p1a: Heatran|Heatran, L74, M|257/257","|-item|p1a: Heatran|Air Balloon","|move|p2a: Klinklang|Return|p1a: Heatran","|-resisted|p1a: Heatran","|-damage|p1a: Heatran|205/257","|-enditem|p1a: Heatran|Air Balloon","|-damage|p2a: Klinklang|47/243|[from] item: Life Orb","|","|turn|8","|","|move|p2a: Klinklang|Wild Charge|p1a: Heatran","|-crit|p1a: Heatran","|-damage|p1a: Heatran|71/257","|-damage|p2a: Klinklang|13/243|[from] recoil|[of] p1a: Heatran","|-damage|p2a: Klinklang|0 fnt|[from] item: Life Orb","|faint|p2a: Klinklang","|move|p1a: Heatran|Will-O-Wisp|p2: Klinklang|[notarget]","|-notarget","|","|","|switch|p2a: Beautifly|Beautifly, L86, M|243/243","|turn|9","|","|move|p2a: Beautifly|Hidden Power|p1a: Heatran","|-damage|p1a: Heatran|11/257","|-damage|p2a: Beautifly|219/243|[from] item: Life Orb","|move|p1a: Heatran|Fire Blast|p2a: Beautifly","|-supereffective|p2a: Beautifly","|-damage|p2a: Beautifly|0 fnt","|faint|p2a: Beautifly","|","|","|switch|p2a: Purugly|Purugly, L86, M|262/262","|turn|10","|","|move|p2a: Purugly|Quick Attack|p1a: Heatran","|-resisted|p1a: Heatran","|-damage|p1a: Heatran|0 fnt","|-damage|p2a: Purugly|236/262|[from] item: Life Orb","|faint|p1a: Heatran","|","|","|switch|p1a: Lucario|Lucario, L72, M|220/220","|turn|11","|","|detailschange|p1a: Lucario|Lucario-Mega, L72, M","|message|Lucario has Mega Evolved into Mega Lucario!","|move|p2a: Purugly|Fake Out|p1a: Lucario","|-message|(Fake Out only works your first turn out.)","|-fail|p1a: Lucario","|move|p1a: Lucario|Extreme Speed|p2a: Purugly","|-damage|p2a: Purugly|165/262","|","|turn|12","|","|move|p2a: Purugly|Hypnosis|p1a: Lucario","|-status|p1a: Lucario|slp","|cant|p1a: Lucario|slp","|","|turn|13","|","|move|p2a: Purugly|Return|p1a: Lucario","|-resisted|p1a: Lucario","|-damage|p1a: Lucario|143/220 slp","|-damage|p2a: Purugly|139/262|[from] item: Life Orb","|cant|p1a: Lucario|slp","|","|turn|14","|","|move|p2a: Purugly|Return|p1a: Lucario","|-resisted|p1a: Lucario","|-damage|p1a: Lucario|70/220 slp","|-damage|p2a: Purugly|113/262|[from] item: Life Orb","|-curestatus|p1a: Lucario|slp","|move|p1a: Lucario|Close Combat|p2a: Purugly","|-supereffective|p2a: Purugly","|-damage|p2a: Purugly|0 fnt","|-unboost|p1a: Lucario|def|1","|-unboost|p1a: Lucario|spd|1","|faint|p2a: Purugly","|","|","|switch|p2a: Ampharos|Ampharos, L78, M|268/268","|turn|15","|","|-ability|p2a: Ampharos|Mold Breaker","|detailschange|p2a: Ampharos|Ampharos-Mega, L78, M","|message|Ampharos has Mega Evolved into Mega Ampharos!","|move|p1a: Lucario|Close Combat|p2a: Ampharos","|-damage|p2a: Ampharos|94/268","|-unboost|p1a: Lucario|def|1","|-unboost|p1a: Lucario|spd|1","|move|p2a: Ampharos|Thunderbolt|p1a: Lucario","|-damage|p1a: Lucario|0 fnt","|faint|p1a: Lucario","|","|","|switch|p1a: Throh|Throh, L86, M|347/347","|turn|16","|","|move|p1a: Throh|Ice Punch|p2a: Ampharos","|-supereffective|p2a: Ampharos","|-damage|p2a: Ampharos|0 fnt","|faint|p2a: Ampharos","|","|","|switch|p2a: Landorus|Landorus, L74, M|254/254","|turn|17","|","|move|p2a: Landorus|Earth Power|p1a: Throh","|-damage|p1a: Throh|190/347","|move|p1a: Throh|Ice Punch|p2a: Landorus","|-supereffective|p2a: Landorus","|-damage|p2a: Landorus|6/254","|","|turn|18","|","|move|p2a: Landorus|Earth Power|p1a: Throh","|-damage|p1a: Throh|50/347","|move|p1a: Throh|Rest|p1a: Throh","|-status|p1a: Throh|slp","|-heal|p1a: Throh|347/347 slp|[silent]","|-status|p1a: Throh|slp|[from] move: Rest","|-enditem|p1a: Throh|Chesto Berry|[eat]","|-curestatus|p1a: Throh|slp","|","|turn|19","|","|move|p2a: Landorus|Earth Power|p1a: Throh","|-damage|p1a: Throh|205/347","|move|p1a: Throh|Ice Punch|p2a: Landorus","|-supereffective|p2a: Landorus","|-damage|p2a: Landorus|0 fnt","|faint|p2a: Landorus","|","|","|switch|p2a: Xerneas|Xerneas, L70|292/292","|-ability|p2a: Xerneas|Fairy Aura","|turn|20","|","|move|p2a: Xerneas|Moonblast|p1a: Throh","|-supereffective|p1a: Throh","|-damage|p1a: Throh|0 fnt","|faint|p1a: Throh","|","|","|switch|p1a: Cofagrigus|Cofagrigus, L82, F|246/246","|turn|21","|","|move|p2a: Xerneas|Moonblast|p1a: Cofagrigus","|-damage|p1a: Cofagrigus|137/246","|-unboost|p1a: Cofagrigus|spa|1","|move|p1a: Cofagrigus|Trick Room|p1a: Cofagrigus","|-fieldstart|move: Trick Room|[of] p1a: Cofagrigus","|","|-heal|p1a: Cofagrigus|152/246|[from] item: Leftovers","|turn|22","|","|move|p1a: Cofagrigus|Shadow Ball|p2a: Xerneas","|-damage|p2a: Xerneas|231/292","|move|p2a: Xerneas|Moonblast|p1a: Cofagrigus","|-damage|p1a: Cofagrigus|37/246","|-unboost|p1a: Cofagrigus|spa|1","|","|-heal|p1a: Cofagrigus|52/246|[from] item: Leftovers","|turn|23","|","|switch|p1a: Spinda|Spinda, L86, F|243/243","|move|p2a: Xerneas|Moonblast|p1a: Spinda","|-damage|p1a: Spinda|77/243","|","|-heal|p1a: Spinda|92/243|[from] item: Leftovers","|turn|24","|","|move|p1a: Spinda|Superpower|p2a: Xerneas","|-resisted|p2a: Xerneas","|-damage|p2a: Xerneas|194/292","|-boost|p1a: Spinda|atk|1","|-boost|p1a: Spinda|def|1","|move|p2a: Xerneas|Moonblast|p1a: Spinda","|-damage|p1a: Spinda|0 fnt","|faint|p1a: Spinda","|","|","|switch|p1a: Celebi|Celebi, L78|211/284","|turn|25","|","|move|p2a: Xerneas|Moonblast|p1a: Celebi","|-damage|p1a: Celebi|87/284","|-unboost|p1a: Celebi|spa|1","|move|p1a: Celebi|Leaf Storm|p2a: Xerneas","|-crit|p2a: Xerneas","|-damage|p2a: Xerneas|0 fnt","|-unboost|p1a: Celebi|spa|2","|faint|p2a: Xerneas","|","|win|Lovedfgh"],"p1rating":{"entryid":"5078333","serverid":"prism","formatid":"randombattle","userid":"lovedfgh","username":"Lovedfgh","w":2,"l":"0","t":"0","gxe":59,"r":"1500","rd":"130","sigma":"0","rptime":"1405728000","rpr":1572.5671258289,"rprd":116.77753930647,"rpsigma":"0","acre":1070.1028089042,"lacre":1070.1028089042,"oldacre":"1040"},"p2rating":{"entryid":5078691,"formatid":"randombattle","userid":"dbzmaster","username":"dbz master","r":1500,"rd":130,"sigma":0,"rpr":1459.8393856612,"rprd":122.8583080769,"rpsigma":0,"rptime":1405728000,"w":0,"l":1,"t":0,"gxe":45,"acre":1000,"lacre":1000,"oldacre":1000},"endType":"normal"}