{"turns":22,"p1":"lppoapskkss","p2":"Lovedfgh","p1team":[{"name":"Vespiquen","moves":["protect","toxic","substitute","attackorder"],"ability":"Pressure","evs":{"hp":85,"atk":85,"def":85,"spa":85,"spd":85,"spe":85},"ivs":{"hp":31,"atk":31,"def":31,"spa":31,"spd":31,"spe":31},"item":"Leftovers","level":86,"shiny":false},{"name":"Houndoom","moves":["hiddenpowerfighting","darkpulse","suckerpunch","pursuit"],"ability":"Flash Fire","evs":{"hp":85,"atk":85,"def":85,"spa":85,"spd":85,"spe":85},"ivs":{"hp":31,"atk":31,"def":30,"spa":30,"spd":30,"spe":30},"item":"Houndoominite","level":78,"shiny":false},{"name":"Cinccino","moves":["rockblast","tailslap","bulletseed","wakeupslap"],"ability":"Skill Link","evs":{"hp":85,"atk":85,"def":85,"spa":85,"spd":85,"spe":85},"ivs":{"hp":31,"atk":31,"def":31,"spa":31,"spd":31,"spe":31},"item":"Choice Band","level":82,"shiny":false},{"name":"Claydol","moves":["lightscreen","reflect","toxic","psychic"],"ability":"Levitate","evs":{"hp":85,"atk":85,"def":85,"spa":85,"spd":85,"spe":85},"ivs":{"hp":31,"atk":31,"def":31,"spa":31,"spd":31,"spe":31},"item":"Light Clay","level":82,"shiny":false},{"name":"Gourgeist","moves":["leechseed","shadowsneak","phantomforce","seedbomb"],"ability":"Frisk","evs":{"hp":85,"atk":85,"def":85,"spa":85,"spd":85,"spe":85},"ivs":{"hp":31,"atk":31,"def":31,"spa":31,"spd":31,"spe":31},"item":"Life Orb","level":86,"shiny":false},{"name":"Slowking","moves":["fireblast","nastyplot","grassknot","slackoff"],"ability":"Regenerator","evs":{"hp":85,"atk":85,"def":85,"spa":85,"spd":85,"spe":85},"ivs":{"hp":31,"atk":31,"def":31,"spa":31,"spd":31,"spe":31},"item":"Leftovers","level":82,"shiny":false}],"p2team":[{"name":"Vespiquen","moves":["substitute","defendorder","roost","attackorder"],"ability":"Pressure","evs":{"hp":85,"atk":85,"def":85,"spa":85,"spd":85,"spe":85},"ivs":{"hp":31,"atk":31,"def":31,"spa":31,"spd":31,"spe":31},"item":"Leftovers","level":86,"shiny":false},{"name":"Omastar","moves":["hydropump","shellsmash","icebeam","earthpower"],"ability":"Shell Armor","evs":{"hp":85,"atk":85,"def":85,"spa":85,"spd":85,"spe":85},"ivs":{"hp":31,"atk":31,"def":31,"spa":31,"spd":31,"spe":31},"item":"White Herb","level":86,"shiny":false},{"name":"Blastoise","moves":["rapidspin","scald","darkpulse","aurasphere"],"ability":"Rain Dish","evs":{"hp":85,"atk":85,"def":85,"spa":85,"spd":85,"spe":85},"ivs":{"hp":31,"atk":31,"def":31,"spa":31,"spd":31,"spe":31},"item":"Blastoisinite","level":78,"shiny":false},{"name":"Tangrowth","moves":["focusblast","powerwhip","synthesis","gigadrain"],"ability":"Regenerator","evs":{"hp":85,"atk":85,"def":85,"spa":85,"spd":85,"spe":85},"ivs":{"hp":31,"atk":31,"def":31,"spa":31,"spd":31,"spe":31},"item":"Leftovers","level":82,"shiny":false},{"name":"Regirock","moves":["hammerarm","sleeptalk","rest","rockslide"],"ability":"Sturdy","evs":{"hp":85,"atk":85,"def":85,"spa":85,"spd":85,"spe":85},"ivs":{"hp":31,"atk":31,"def":31,"spa":31,"spd":31,"spe":31},"item":"Leftovers","level":86,"shiny":false},{"name":"Thundurus","moves":["thunderbolt","grassknot","focusblast","thunderwave"],"ability":"Prankster","evs":{"hp":85,"atk":85,"def":85,"spa":85,"spd":85,"spe":85},"ivs":{"hp":31,"atk":31,"def":31,"spa":31,"spd":31,"spe":31},"item":"Leftovers","level":74,"shiny":false}],"log":["|player|p1|lppoapskkss|169","|player|p2|Lovedfgh|2","|gametype|singles","|gen|6","|tier|Random Battle","|rated","|rule|Sleep Clause Mod: Limit one foe put to sleep","|rule|HP Percentage Mod: HP is reported as percentages","|","|start","|switch|p1a: Vespiquen|Vespiquen, L86, F|261/261","|switch|p2a: Vespiquen|Vespiquen, L86, F|261/261","|-ability|p1a: Vespiquen|Pressure","|-ability|p2a: Vespiquen|Pressure","|turn|1","|","|move|p1a: Vespiquen|Toxic|p2a: Vespiquen","|-status|p2a: Vespiquen|tox","|move|p2a: Vespiquen|Roost|p2a: Vespiquen","|-fail|p2a: Vespiquen","|","|-damage|p2a: Vespiquen|245/261 tox|[from] psn","|turn|2","|","|move|p1a: Vespiquen|Protect|p1a: Vespiquen","|-singleturn|p1a: Vespiquen|Protect","|move|p2a: Vespiquen|Attack Order|p1a: Vespiquen","|-activate|p1a: Vespiquen|Protect","|","|-heal|p2a: Vespiquen|261/261 tox|[from] item: Leftovers","|-damage|p2a: Vespiquen|229/261 tox|[from] psn","|turn|3","|","|switch|p2a: Thundurus|Thundurus, L74, M|239/239","|move|p1a: Vespiquen|Attack Order|p2a: Thundurus","|-resisted|p2a: Thundurus","|-damage|p2a: Thundurus|185/239","|","|-heal|p2a: Thundurus|199/239|[from] item: Leftovers","|turn|4","|chat|lppoapskkss|Fart","|","|move|p2a: Thundurus|Thunderbolt|p1a: Vespiquen","|-supereffective|p1a: Vespiquen","|-damage|p1a: Vespiquen|93/261","|move|p1a: Vespiquen|Attack Order|p2a: Thundurus","|-crit|p2a: Thundurus","|-resisted|p2a: Thundurus","|-damage|p2a: Thundurus|109/239","|","|-heal|p2a: Thundurus|123/239|[from] item: Leftovers","|-heal|p1a: Vespiquen|109/261|[from] item: Leftovers","|turn|5","|","|move|p2a: Thundurus|Thunderbolt|p1a: Vespiquen","|-supereffective|p1a: Vespiquen","|-damage|p1a: Vespiquen|0 fnt","|faint|p1a: Vespiquen","|","|-heal|p2a: Thundurus|137/239|[from] item: Leftovers","|","|switch|p1a: Cinccino|Cinccino, L82, F|257/257","|turn|6","|","|move|p1a: Cinccino|Wake-Up Slap|p2a: Thundurus","|-resisted|p2a: Thundurus","|-damage|p2a: Thundurus|94/239","|move|p2a: Thundurus|Focus Blast|p1a: Cinccino","|-crit|p1a: Cinccino","|-supereffective|p1a: Cinccino","|-damage|p1a: Cinccino|0 fnt","|faint|p1a: Cinccino","|","|-heal|p2a: Thundurus|108/239|[from] item: Leftovers","|","|switch|p1a: Slowking|Slowking, L82, M|290/290","|turn|7","|","|move|p2a: Thundurus|Focus Blast|p1a: Slowking|[miss]","|-miss|p2a: Thundurus|p1a: Slowking","|move|p1a: Slowking|Fire Blast|p2a: Thundurus","|-damage|p2a: Thundurus|19/239","|","|-heal|p2a: Thundurus|33/239|[from] item: Leftovers","|turn|8","|","|move|p2a: Thundurus|Focus Blast|p1a: Slowking|[miss]","|-miss|p2a: Thundurus|p1a: Slowking","|move|p1a: Slowking|Grass Knot|p2a: Thundurus","|-resisted|p2a: Thundurus","|-damage|p2a: Thundurus|2/239","|","|-heal|p2a: Thundurus|16/239|[from] item: Leftovers","|turn|9","|","|move|p2a: Thundurus|Thunderbolt|p1a: Slowking","|-supereffective|p1a: Slowking","|-damage|p1a: Slowking|144/290","|move|p1a: Slowking|Fire Blast|p2a: Thundurus|[miss]","|-miss|p1a: Slowking|p2a: Thundurus","|","|-heal|p2a: Thundurus|30/239|[from] item: Leftovers","|-heal|p1a: Slowking|162/290|[from] item: Leftovers","|turn|10","|","|move|p2a: Thundurus|Thunderbolt|p1a: Slowking","|-supereffective|p1a: Slowking","|-damage|p1a: Slowking|16/290","|move|p1a: Slowking|Fire Blast|p2a: Thundurus|[miss]","|-miss|p1a: Slowking|p2a: Thundurus","|","|-heal|p2a: Thundurus|44/239|[from] item: Leftovers","|-heal|p1a: Slowking|34/290|[from] item: Leftovers","|turn|11","|","|move|p2a: Thundurus|Thunderbolt|p1a: Slowking","|-supereffective|p1a: Slowking","|-damage|p1a: Slowking|0 fnt","|faint|p1a: Slowking","|","|-heal|p2a: Thundurus|58/239|[from] item: Leftovers","|","|switch|p1a: Houndoom|Houndoom, L78, M|245/245","|turn|12","|","|detailschange|p1a: Houndoom|Houndoom-Mega, L78, M","|message|Houndoom has Mega Evolved into Mega Houndoom!","|move|p2a: Thundurus|Focus Blast|p1a: Houndoom","|-supereffective|p1a: Houndoom","|-damage|p1a: Houndoom|67/245","|move|p1a: Houndoom|Dark Pulse|p2a: Thundurus","|-damage|p2a: Thundurus|0 fnt","|faint|p2a: Thundurus","|","|","|switch|p2a: Blastoise|Blastoise, L78, M|251/251","|turn|13","|","|detailschange|p2a: Blastoise|Blastoise-Mega, L78, M","|message|Blastoise has Mega Evolved into Mega Blastoise!","|move|p1a: Houndoom|Pursuit|p2a: Blastoise","|-damage|p2a: Blastoise|218/251","|move|p2a: Blastoise|Aura Sphere|p1a: Houndoom","|-supereffective|p1a: Houndoom","|-damage|p1a: Houndoom|0 fnt","|faint|p1a: Houndoom","|","|","|switch|p1a: Claydol|Claydol, L82|233/233","|turn|14","|","|move|p1a: Claydol|Toxic|p2a: Blastoise","|-status|p2a: Blastoise|tox","|move|p2a: Blastoise|Scald|p1a: Claydol","|-supereffective|p1a: Claydol","|-damage|p1a: Claydol|89/233","|-status|p1a: Claydol|brn","|","|-damage|p1a: Claydol|60/233 brn|[from] brn","|-damage|p2a: Blastoise|203/251 tox|[from] psn","|turn|15","|","|move|p1a: Claydol|Psychic|p2a: Blastoise","|-damage|p2a: Blastoise|136/251 tox","|-unboost|p2a: Blastoise|spd|1","|move|p2a: Blastoise|Aura Sphere|p1a: Claydol","|-resisted|p1a: Claydol","|-damage|p1a: Claydol|22/233 brn","|","|-damage|p1a: Claydol|0 fnt|[from] brn","|-damage|p2a: Blastoise|106/251 tox|[from] psn","|faint|p1a: Claydol","|","|switch|p1a: Gourgeist|Gourgeist, L86, M|252/252","|-item|p2a: Blastoise|Blastoisinite|[from] ability: Frisk|[of] p1a: Gourgeist|[identify]","|turn|16","|","|move|p1a: Gourgeist|Seed Bomb|p2a: Blastoise","|-supereffective|p2a: Blastoise","|-damage|p2a: Blastoise|0 fnt","|-damage|p1a: Gourgeist|227/252|[from] item: Life Orb","|faint|p2a: Blastoise","|","|","|switch|p2a: Regirock|Regirock, L86|278/278","|turn|17","|","|move|p1a: Gourgeist|Seed Bomb|p2a: Regirock","|-supereffective|p2a: Regirock","|-damage|p2a: Regirock|169/278","|-damage|p1a: Gourgeist|202/252|[from] item: Life Orb","|move|p2a: Regirock|Hammer Arm|p1a: Gourgeist","|-immune|p1a: Gourgeist|[msg]","|","|-heal|p2a: Regirock|186/278|[from] item: Leftovers","|turn|18","|","|move|p1a: Gourgeist|Seed Bomb|p2a: Regirock","|-supereffective|p2a: Regirock","|-damage|p2a: Regirock|69/278","|-damage|p1a: Gourgeist|177/252|[from] item: Life Orb","|move|p2a: Regirock|Sleep Talk|p2a: Regirock","|-fail|p2a: Regirock","|","|-heal|p2a: Regirock|86/278|[from] item: Leftovers","|turn|19","|","|move|p1a: Gourgeist|Seed Bomb|p2a: Regirock","|-supereffective|p2a: Regirock","|-damage|p2a: Regirock|0 fnt","|-damage|p1a: Gourgeist|152/252|[from] item: Life Orb","|faint|p2a: Regirock","|","|","|switch|p2a: Tangrowth|Tangrowth, L82, M|298/298","|turn|20","|","|move|p1a: Gourgeist|Shadow Sneak|p2a: Tangrowth","|-damage|p2a: Tangrowth|255/298","|-damage|p1a: Gourgeist|127/252|[from] item: Life Orb","|move|p2a: Tangrowth|Power Whip|p1a: Gourgeist|[miss]","|-miss|p2a: Tangrowth|p1a: Gourgeist","|","|-heal|p2a: Tangrowth|273/298|[from] item: Leftovers","|turn|21","|","|move|p1a: Gourgeist|Leech Seed|p2a: Tangrowth|[miss]","|-miss|p1a: Gourgeist|p2a: Tangrowth","|move|p2a: Tangrowth|Giga Drain|p1a: Gourgeist","|-crit|p1a: Gourgeist","|-resisted|p1a: Gourgeist","|-damage|p1a: Gourgeist|59/252","|-heal|p2a: Tangrowth|298/298|[from] drain|[of] p1a: Gourgeist","|","|turn|22","|","|move|p1a: Gourgeist|Seed Bomb|p2a: Tangrowth","|-resisted|p2a: Tangrowth","|-damage|p2a: Tangrowth|259/298","|-damage|p1a: Gourgeist|34/252|[from] item: Life Orb","|move|p2a: Tangrowth|Power Whip|p1a: Gourgeist","|-resisted|p1a: Gourgeist","|-damage|p1a: Gourgeist|0 fnt","|faint|p1a: Gourgeist","|","|win|Lovedfgh"],"p1rating":{"entryid":5078332,"formatid":"randombattle","userid":"lppoapskkss","username":"lppoapskkss","r":1500,"rd":130,"sigma":0,"rpr":1459.8393856612,"rprd":122.8583080769,"rpsigma":0,"rptime":1405728000,"w":0,"l":1,"t":0,"gxe":45,"acre":1000,"lacre":1000,"oldacre":1000},"p2rating":{"entryid":5078333,"formatid":"randombattle","userid":"lovedfgh","username":"Lovedfgh","r":1500,"rd":130,"sigma":0,"rpr":1540.1606143388,"rprd":122.8583080769,"rpsigma":0,"rptime":1405728000,"w":1,"l":0,"t":0,"gxe":55,"acre":1040,"lacre":1040,"oldacre":1000},"endType":"normal"}