{"turns":27,"p1":"P@lAntek","p2":"HoeenKid","p1team":[{"name":"Tyranitar","species":"Tyranitar","item":"tyranitarite","ability":"Sand Stream","moves":["earthquake","crunch","pursuit","dragondance"],"nature":"Adamant","evs":{"hp":4,"atk":252,"def":0,"spa":0,"spd":0,"spe":252},"ivs":{"hp":31,"atk":31,"def":31,"spa":31,"spd":31,"spe":31}},{"name":"Jirachi","species":"Jirachi","item":"leftovers","ability":"Serene Grace","moves":["ironhead","thunderwave","substitute","wish"],"nature":"Jolly","evs":{"hp":252,"atk":0,"def":0,"spa":0,"spd":4,"spe":252},"ivs":{"hp":31,"atk":31,"def":31,"spa":31,"spd":31,"spe":31}},{"name":"Infernape","species":"Infernape","item":"focussash","ability":"Blaze","moves":["closecombat","stealthrock","flareblitz","swordsdance"],"nature":"Jolly","evs":{"hp":0,"atk":252,"def":0,"spa":0,"spd":4,"spe":252},"ivs":{"hp":31,"atk":31,"def":31,"spa":31,"spd":31,"spe":31}},{"name":"Cresselia","species":"Cresselia","item":"leftovers","ability":"Levitate","moves":["moonlight","psychic","icebeam","thunderwave"],"nature":"Modest","evs":{"hp":252,"atk":0,"def":0,"spa":252,"spd":4,"spe":0},"ivs":{"hp":31,"atk":31,"def":31,"spa":31,"spd":31,"spe":31}},{"name":"Keldeo","species":"Keldeo","item":"lumberry","ability":"Justified","moves":["scald","secretsword","calmmind","rest"],"nature":"Timid","evs":{"hp":0,"atk":0,"def":0,"spa":252,"spd":4,"spe":252},"ivs":{"hp":31,"atk":31,"def":31,"spa":31,"spd":31,"spe":31}},{"name":"Rotom","species":"Rotom","item":"choicescarf","ability":"Levitate","moves":["trick","thunderbolt","willowisp","hiddenpowerfighting"],"nature":"Serious","evs":{"hp":172,"atk":0,"def":0,"spa":252,"spd":4,"spe":80},"ivs":{"hp":31,"atk":31,"def":30,"spa":30,"spd":30,"spe":30}}],"p2team":[{"name":"Rotom-Wash","species":"Rotom-Wash","item":"chestoberry","ability":"Levitate","moves":["hydropump","voltswitch","willowisp","rest"],"nature":"Bold","evs":{"hp":252,"atk":0,"def":252,"spa":0,"spd":0,"spe":4},"ivs":{"hp":31,"atk":0,"def":31,"spa":31,"spd":31,"spe":31}},{"name":"Skarmory","species":"Skarmory","item":"rockyhelmet","ability":"Sturdy","moves":["defog","roost","whirlwind","bravebird"],"nature":"Impish","evs":{"hp":252,"atk":0,"def":232,"spa":0,"spd":0,"spe":24},"gender":"M","ivs":{"hp":31,"atk":31,"def":31,"spa":31,"spd":31,"spe":31}},{"name":"Aegislash","species":"Aegislash","item":"airballoon","ability":"Stance Change","moves":["shadowball","sacredsword","shadowsneak","kingsshield"],"nature":"Quiet","evs":{"hp":252,"atk":4,"def":0,"spa":252,"spd":0,"spe":0},"gender":"F","ivs":{"hp":31,"atk":31,"def":31,"spa":31,"spd":31,"spe":0}},{"name":"Charizard","species":"Charizard","item":"charizarditey","ability":"Blaze","moves":["fireblast","solarbeam","focusblast","roost"],"nature":"Timid","evs":{"hp":0,"atk":0,"def":4,"spa":252,"spd":0,"spe":252},"ivs":{"hp":31,"atk":0,"def":31,"spa":31,"spd":31,"spe":31}},{"name":"Garchomp","species":"Garchomp","item":"choicescarf","ability":"Rough Skin","moves":["stoneedge","outrage","earthquake","fireblast"],"nature":"Naive","evs":{"hp":0,"atk":252,"def":0,"spa":4,"spd":0,"spe":252},"gender":"M","ivs":{"hp":31,"atk":31,"def":31,"spa":31,"spd":31,"spe":31}},{"name":"Chansey","species":"Chansey","item":"eviolite","ability":"Natural Cure","moves":["softboiled","aromatherapy","toxic","seismictoss"],"nature":"Bold","evs":{"hp":4,"atk":0,"def":252,"spa":0,"spd":252,"spe":0},"ivs":{"hp":31,"atk":31,"def":31,"spa":31,"spd":31,"spe":31}}],"log":["|player|p1|P@lAntek|136","|player|p2|HoeenKid|52","|gametype|singles","|gen|6","|tier|OU","|rated","|clearpoke","|poke|p1|Tyranitar, F","|poke|p1|Jirachi","|poke|p1|Infernape, M","|poke|p1|Cresselia, F","|poke|p1|Keldeo","|poke|p1|Rotom","|poke|p2|Rotom-Wash","|poke|p2|Skarmory, M","|poke|p2|Aegislash, F","|poke|p2|Charizard, M","|poke|p2|Garchomp, M","|poke|p2|Chansey, F","|rule|Sleep Clause Mod: Limit one foe put to sleep","|rule|Species Clause: Limit one of each Pokemon","|rule|OHKO Clause: OHKO moves are banned","|rule|Moody Clause: Moody is banned","|rule|Evasion Moves Clause: Evasion moves are banned","|rule|Endless Battle Clause: Forcing endless battles is banned.","|rule|HP Percentage Mod: HP is reported as percentages","|teampreview","|chat|P@lAntek|gl","|chat|P@lAntek|lol i forgot i had this team","|","|start","|switch|p1a: Infernape|Infernape, M|293/293","|switch|p2a: Rotom-Wash|Rotom-Wash|304/304","|turn|1","|","|move|p1a: Infernape|Stealth Rock|p2a: Rotom-Wash","|-sidestart|p2: HoeenKid|move: Stealth Rock","|move|p2a: Rotom-Wash|Hydro Pump|p1a: Infernape","|-supereffective|p1a: Infernape","|-enditem|p1a: Infernape|Focus Sash","|-damage|p1a: Infernape|1/293","|","|turn|2","|","|move|p1a: Infernape|Close Combat|p2a: Rotom-Wash","|-damage|p2a: Rotom-Wash|178/304","|-unboost|p1a: Infernape|def|1","|-unboost|p1a: Infernape|spd|1","|move|p2a: Rotom-Wash|Volt Switch|p1a: Infernape","|-damage|p1a: Infernape|0 fnt","|faint|p1a: Infernape","|","|switch|p2a: Skarmory|Skarmory, M|334/334","|-damage|p2a: Skarmory|293/334|[from] Stealth Rock","|","|","|switch|p1a: Keldeo|Keldeo|323/323","|turn|3","|","|move|p1a: Keldeo|Calm Mind|p1a: Keldeo","|-boost|p1a: Keldeo|spa|1","|-boost|p1a: Keldeo|spd|1","|move|p2a: Skarmory|Defog|p1a: Keldeo","|-unboost|p1a: Keldeo|evasion|1","|-sideend|p2: HoeenKid|Stealth Rock|[from] move: Defog|[of] p2a: Skarmory","|","|turn|4","|chat|P@lAntek|aegi is not banned here nice","|","|move|p1a: Keldeo|Secret Sword|p2a: Skarmory","|-damage|p2a: Skarmory|163/334","|move|p2a: Skarmory|Brave Bird|p1a: Keldeo","|-supereffective|p1a: Keldeo","|-damage|p1a: Keldeo|87/323","|-damage|p2a: Skarmory|85/334|[from] recoil|[of] p1a: Keldeo","|","|turn|5","|","|move|p1a: Keldeo|Secret Sword|p2a: Skarmory","|-damage|p2a: Skarmory|0 fnt","|faint|p2a: Skarmory","|","|","|switch|p2a: Garchomp|Garchomp, M|357/357","|turn|6","|","|move|p2a: Garchomp|Earthquake|p1a: Keldeo","|-damage|p1a: Keldeo|0 fnt","|faint|p1a: Keldeo","|","|chat|P@lAntek|choiced ?","|","|switch|p1a: Cresselia|Cresselia, F|444/444","|turn|7","|","|switch|p2a: Rotom-Wash|Rotom-Wash|178/304","|move|p1a: Cresselia|Ice Beam|p2a: Rotom-Wash","|-resisted|p2a: Rotom-Wash","|-damage|p2a: Rotom-Wash|138/304","|","|turn|8","|","|move|p2a: Rotom-Wash|Volt Switch|p1a: Cresselia","|-damage|p1a: Cresselia|374/444","|","|switch|p2a: Aegislash|Aegislash, F|324/324","|-item|p2a: Aegislash|Air Balloon","|move|p1a: Cresselia|Psychic|p2a: Aegislash","|-resisted|p2a: Aegislash","|-damage|p2a: Aegislash|282/324","|-enditem|p2a: Aegislash|Air Balloon","|","|-heal|p1a: Cresselia|401/444|[from] item: Leftovers","|turn|9","|","|move|p1a: Cresselia|Thunder Wave|p2a: Aegislash","|-status|p2a: Aegislash|par","|-formechange|p2a: Aegislash|Aegislash-Blade","|cant|p2a: Aegislash|par","|","|-heal|p1a: Cresselia|428/444|[from] item: Leftovers","|turn|10","|","|switch|p1a: Tyranitar|Tyranitar, F|342/342","|-weather|Sandstorm","|-formechange|p2a: Aegislash|Aegislash","|cant|p2a: Aegislash|par","|","|-weather|Sandstorm|[upkeep]","|turn|11","|","|detailschange|p1a: Tyranitar|Tyranitar-Mega, F","|message|Tyranitar has Mega Evolved into Mega Tyranitar!","|move|p1a: Tyranitar|Pursuit|p2a: Aegislash|[from]Pursuit","|-supereffective|p2a: Aegislash","|-damage|p2a: Aegislash|0 fnt","|faint|p2a: Aegislash","|","|-weather|Sandstorm|[upkeep]","|","|switch|p2a: Charizard|Charizard, M|297/297","|turn|12","|","|switch|p1a: Rotom|Rotom|284/284","|-weather|SunnyDay","|detailschange|p2a: Charizard|Charizard-Mega-Y, M","|message|Charizard has Mega Evolved into Mega Charizard!","|move|p2a: Charizard|Solar Beam|p1a: Rotom|[still]","|-prepare|p2a: Charizard|Solar Beam|p1a: Rotom","|-anim|p2a: Charizard|Solar Beam|p1a: Rotom","|-damage|p1a: Rotom|82/284","|","|-weather|SunnyDay|[upkeep]","|turn|13","|","|move|p1a: Rotom|Thunderbolt|p2a: Charizard","|-supereffective|p2a: Charizard","|-damage|p2a: Charizard|79/297","|move|p2a: Charizard|Fire Blast|p1a: Rotom","|-damage|p1a: Rotom|0 fnt","|faint|p1a: Rotom","|","|-weather|SunnyDay|[upkeep]","|","|switch|p1a: Tyranitar|Tyranitar-Mega, F|342/342","|-weather|Sandstorm","|turn|14","|","|switch|p2a: Rotom-Wash|Rotom-Wash|138/304","|move|p1a: Tyranitar|Dragon Dance|p1a: Tyranitar","|-boost|p1a: Tyranitar|atk|1","|-boost|p1a: Tyranitar|spe|1","|","|-weather|Sandstorm|[upkeep]","|-damage|p2a: Rotom-Wash|119/304|[from] sandstorm","|turn|15","|","|move|p1a: Tyranitar|Crunch|p2a: Rotom-Wash","|-damage|p2a: Rotom-Wash|0 fnt","|faint|p2a: Rotom-Wash","|","|-weather|Sandstorm|[upkeep]","|","|switch|p2a: Charizard|Charizard-Mega-Y, M|79/297","|-weather|SunnyDay","|turn|16","|","|move|p1a: Tyranitar|Crunch|p2a: Charizard","|-damage|p2a: Charizard|0 fnt","|faint|p2a: Charizard","|","|-weather|SunnyDay|[upkeep]","|","|switch|p2a: Garchomp|Garchomp, M|357/357","|turn|17","|","|switch|p1a: Cresselia|Cresselia, F|428/444","|move|p2a: Garchomp|Earthquake|p1a: Cresselia","|-immune|p1a: Cresselia|[msg]","|","|-weather|SunnyDay|[upkeep]","|-heal|p1a: Cresselia|444/444|[from] item: Leftovers","|turn|18","|","|switch|p2a: Chansey|Chansey, F|642/642","|switch|p1a: Jirachi|Jirachi|404/404","|","|-weather|SunnyDay|[upkeep]","|turn|19","|","|move|p1a: Jirachi|Thunder Wave|p2a: Chansey","|-status|p2a: Chansey|par","|move|p2a: Chansey|Seismic Toss|p1a: Jirachi","|-damage|p1a: Jirachi|304/404","|","|-weather|SunnyDay|[upkeep]","|-heal|p1a: Jirachi|329/404|[from] item: Leftovers","|turn|20","|","|switch|p2a: Garchomp|Garchomp, M|357/357","|move|p1a: Jirachi|Iron Head|p2a: Garchomp","|-damage|p2a: Garchomp|263/357","|-damage|p1a: Jirachi|279/404|[from] ability: Rough Skin|[of] p2a: Garchomp","|","|-weather|none","|-heal|p1a: Jirachi|304/404|[from] item: Leftovers","|turn|21","|","|move|p2a: Garchomp|Fire Blast|p1a: Jirachi","|-supereffective|p1a: Jirachi","|-damage|p1a: Jirachi|152/404","|move|p1a: Jirachi|Iron Head|p2a: Garchomp","|-damage|p2a: Garchomp|170/357","|-damage|p1a: Jirachi|102/404|[from] ability: Rough Skin|[of] p2a: Garchomp","|","|-heal|p1a: Jirachi|127/404|[from] item: Leftovers","|turn|22","|","|switch|p1a: Tyranitar|Tyranitar-Mega, F|342/342","|-weather|Sandstorm","|move|p2a: Garchomp|Fire Blast|p1a: Tyranitar","|-resisted|p1a: Tyranitar","|-damage|p1a: Tyranitar|321/342","|","|-weather|Sandstorm|[upkeep]","|turn|23","|","|switch|p2a: Chansey|Chansey, F|642/642","|move|p1a: Tyranitar|Crunch|p2a: Chansey","|-damage|p2a: Chansey|401/642","|-unboost|p2a: Chansey|def|1","|","|-weather|Sandstorm|[upkeep]","|-damage|p2a: Chansey|361/642|[from] sandstorm","|turn|24","|","|move|p1a: Tyranitar|Crunch|p2a: Chansey","|-damage|p2a: Chansey|0 fnt","|faint|p2a: Chansey","|","|-weather|Sandstorm|[upkeep]","|chat|P@lAntek|gg","|","|switch|p2a: Garchomp|Garchomp, M|170/357","|turn|25","|","|switch|p1a: Cresselia|Cresselia, F|444/444","|move|p2a: Garchomp|Outrage|p1a: Cresselia","|-damage|p1a: Cresselia|263/444","|","|-weather|Sandstorm|[upkeep]","|-damage|p1a: Cresselia|236/444|[from] sandstorm","|-heal|p1a: Cresselia|263/444|[from] item: Leftovers","|turn|26","|","|move|p2a: Garchomp|Outrage|p1a: Cresselia","|-damage|p1a: Cresselia|80/444","|move|p1a: Cresselia|Moonlight|p1a: Cresselia","|-heal|p1a: Cresselia|191/444","|","|-weather|none","|-heal|p1a: Cresselia|218/444|[from] item: Leftovers","|turn|27","|","|move|p2a: Garchomp|Outrage|p1a: Cresselia","|-damage|p1a: Cresselia|47/444","|move|p1a: Cresselia|Ice Beam|p2a: Garchomp","|-supereffective|p2a: Garchomp","|-damage|p2a: Garchomp|0 fnt","|faint|p2a: Garchomp","|","|win|P@lAntek"],"p1rating":{"entryid":5852765,"formatid":"ou","userid":"plantek","username":"P@lAntek","r":1500,"rd":130,"sigma":0,"rpr":1540.1606143388,"rprd":122.8583080769,"rpsigma":0,"rptime":1408060800,"w":1,"l":0,"t":0,"gxe":55,"acre":1040,"lacre":1040,"oldacre":1000},"p2rating":{"entryid":5852766,"formatid":"ou","userid":"hoeenkid","username":"HoeenKid","r":1500,"rd":130,"sigma":0,"rpr":1459.8393856612,"rprd":122.8583080769,"rpsigma":0,"rptime":1408060800,"w":0,"l":1,"t":0,"gxe":45,"acre":1000,"lacre":1000,"oldacre":1000},"endType":"normal"}