{"turns":64,"p1":"Fort Yellowcastle","p2":"P@lAntek","p1team":[{"name":"Scolipede","species":"Scolipede","item":"blacksludge","ability":"Speed Boost","moves":["megahorn","protect","substitute","batonpass"],"nature":"Jolly","evs":{"hp":248,"atk":8,"def":0,"spa":0,"spd":0,"spe":252},"ivs":{"hp":31,"atk":31,"def":31,"spa":31,"spd":31,"spe":31}},{"name":"Kyurem-Black","species":"Kyurem-Black","item":"powerherb","ability":"Teravolt","moves":["fusionbolt","outrage","freezeshock","ironhead"],"nature":"Adamant","evs":{"hp":4,"atk":252,"def":0,"spa":0,"spd":0,"spe":252},"shiny":true,"ivs":{"hp":31,"atk":31,"def":31,"spa":31,"spd":31,"spe":31}},{"name":"Talonflame","species":"Talonflame","item":"sitrusberry","ability":"Gale Wings","moves":["roost","acrobatics","flareblitz","mefirst"],"nature":"Jolly","evs":{"hp":4,"atk":252,"def":0,"spa":0,"spd":0,"spe":252},"shiny":true,"ivs":{"hp":31,"atk":31,"def":31,"spa":31,"spd":31,"spe":31}},{"name":"Slowbro","species":"Slowbro","item":"leftovers","ability":"Regenerator","moves":["scald","psychic","slackoff","toxic"],"nature":"Bold","evs":{"hp":252,"atk":0,"def":252,"spa":4,"spd":0,"spe":0},"shiny":true,"ivs":{"hp":31,"atk":31,"def":31,"spa":31,"spd":31,"spe":31}},{"name":"Togekiss","species":"Togekiss","item":"leftovers","ability":"Serene Grace","moves":["thunderwave","attract","airslash","sweetkiss"],"nature":"Calm","evs":{"hp":252,"atk":0,"def":0,"spa":4,"spd":252,"spe":0},"shiny":true,"ivs":{"hp":31,"atk":31,"def":31,"spa":31,"spd":31,"spe":31}},{"name":"Gengar","species":"Gengar","item":"choicespecs","ability":"Levitate","moves":["shadowball","psychic","thunderbolt","energyball"],"nature":"Modest","evs":{"hp":4,"atk":0,"def":0,"spa":252,"spd":0,"spe":252},"ivs":{"hp":31,"atk":31,"def":31,"spa":31,"spd":31,"spe":31}}],"p2team":[{"name":"Chansey","species":"Chansey","item":"eviolite","ability":"Natural Cure","moves":["wish","seismictoss","healbell","softboiled"],"nature":"Bold","evs":{"hp":252,"atk":0,"def":252,"spa":0,"spd":4,"spe":0},"ivs":{"hp":31,"atk":31,"def":31,"spa":31,"spd":31,"spe":31}},{"name":"Gliscor","species":"Gliscor","item":"toxicorb","ability":"Poison Heal","moves":["knockoff","stealthrock","roost","earthquake"],"nature":"Impish","evs":{"hp":252,"atk":0,"def":184,"spa":0,"spd":0,"spe":72},"ivs":{"hp":31,"atk":31,"def":31,"spa":31,"spd":31,"spe":31}},{"name":"Cresselia","species":"Cresselia","item":"leftovers","ability":"Levitate","moves":["icebeam","moonlight","psychic","thunderwave"],"nature":"Modest","evs":{"hp":252,"atk":0,"def":0,"spa":252,"spd":4,"spe":0},"ivs":{"hp":31,"atk":31,"def":31,"spa":31,"spd":31,"spe":31}},{"name":"Charizard","species":"Charizard","item":"charizarditex","ability":"Solar Power","moves":["dragonclaw","roost","earthquake","flareblitz"],"nature":"Jolly","evs":{"hp":4,"atk":252,"def":0,"spa":0,"spd":0,"spe":252},"ivs":{"hp":31,"atk":31,"def":31,"spa":31,"spd":31,"spe":31}},{"name":"Bisharp","species":"Bisharp","item":"airballoon","ability":"Defiant","moves":["suckerpunch","swordsdance","ironhead","knockoff"],"nature":"Adamant","evs":{"hp":252,"atk":252,"def":0,"spa":0,"spd":4,"spe":0},"ivs":{"hp":31,"atk":31,"def":31,"spa":31,"spd":31,"spe":31}},{"name":"Tentacruel","species":"Tentacruel","item":"blacksludge","ability":"Liquid Ooze","moves":["toxic","haze","scald","rapidspin"],"nature":"Bold","evs":{"hp":252,"atk":0,"def":240,"spa":0,"spd":0,"spe":16},"ivs":{"hp":31,"atk":31,"def":31,"spa":31,"spd":31,"spe":31}}],"log":["|player|p1|Fort Yellowcastle|2","|player|p2|P@lAntek|136","|gametype|singles","|gen|6","|tier|OU","|rated","|clearpoke","|poke|p1|Scolipede, M","|poke|p1|Kyurem-Black, shiny","|poke|p1|Talonflame, M, shiny","|poke|p1|Slowbro, F, shiny","|poke|p1|Togekiss, F, shiny","|poke|p1|Gengar, M","|poke|p2|Chansey, F","|poke|p2|Gliscor, M","|poke|p2|Cresselia, F","|poke|p2|Charizard, F","|poke|p2|Bisharp, M","|poke|p2|Tentacruel, F","|rule|Sleep Clause Mod: Limit one foe put to sleep","|rule|Species Clause: Limit one of each Pokemon","|rule|OHKO Clause: OHKO moves are banned","|rule|Moody Clause: Moody is banned","|rule|Evasion Moves Clause: Evasion moves are banned","|rule|Endless Battle Clause: Forcing endless battles is banned.","|rule|HP Percentage Mod: HP is reported as percentages","|teampreview","|chat|P@lAntek|gl","|chat|P@lAntek|oh baton pass again","|","|start","|switch|p1a: Scolipede|Scolipede, M|323/323","|switch|p2a: Gliscor|Gliscor, M|354/354","|turn|1","|","|move|p1a: Scolipede|Substitute|p1a: Scolipede","|-start|p1a: Scolipede|Substitute","|-damage|p1a: Scolipede|243/323","|move|p2a: Gliscor|Stealth Rock|p1a: Scolipede","|-sidestart|p1: Fort Yellowcastle|move: Stealth Rock","|","|-heal|p1a: Scolipede|263/323|[from] item: Black Sludge","|-boost|p1a: Scolipede|spe|1|[from] ability: Speed Boost","|-status|p2a: Gliscor|tox|[from] item: Toxic Orb","|turn|2","|","|switch|p2a: Tentacruel|Tentacruel, F|364/364","|move|p1a: Scolipede|Protect|p1a: Scolipede","|-fail|p1a: Scolipede","|","|-heal|p1a: Scolipede|283/323|[from] item: Black Sludge","|-boost|p1a: Scolipede|spe|1|[from] ability: Speed Boost","|turn|3","|","|move|p1a: Scolipede|Megahorn|p2a: Tentacruel","|-resisted|p2a: Tentacruel","|-damage|p2a: Tentacruel|296/364","|move|p2a: Tentacruel|Haze|p2a: Tentacruel","|-clearallboost","|","|-heal|p1a: Scolipede|303/323|[from] item: Black Sludge","|-heal|p2a: Tentacruel|318/364|[from] item: Black Sludge","|-boost|p1a: Scolipede|spe|1|[from] ability: Speed Boost","|turn|4","|","|move|p1a: Scolipede|Megahorn|p2a: Tentacruel","|-resisted|p2a: Tentacruel","|-damage|p2a: Tentacruel|252/364","|move|p2a: Tentacruel|Scald|p1a: Scolipede","|-end|p1a: Scolipede|Substitute","|","|-heal|p1a: Scolipede|323/323|[from] item: Black Sludge","|-heal|p2a: Tentacruel|274/364|[from] item: Black Sludge","|-boost|p1a: Scolipede|spe|1|[from] ability: Speed Boost","|turn|5","|","|move|p1a: Scolipede|Substitute|p1a: Scolipede","|-start|p1a: Scolipede|Substitute","|-damage|p1a: Scolipede|243/323","|move|p2a: Tentacruel|Scald|p1a: Scolipede","|-end|p1a: Scolipede|Substitute","|","|-heal|p1a: Scolipede|263/323|[from] item: Black Sludge","|-heal|p2a: Tentacruel|296/364|[from] item: Black Sludge","|-boost|p1a: Scolipede|spe|1|[from] ability: Speed Boost","|turn|6","|","|move|p1a: Scolipede|Substitute|p1a: Scolipede","|-start|p1a: Scolipede|Substitute","|-damage|p1a: Scolipede|183/323","|move|p2a: Tentacruel|Haze|p2a: Tentacruel","|-clearallboost","|","|-heal|p1a: Scolipede|203/323|[from] item: Black Sludge","|-heal|p2a: Tentacruel|318/364|[from] item: Black Sludge","|-boost|p1a: Scolipede|spe|1|[from] ability: Speed Boost","|turn|7","|","|move|p1a: Scolipede|Protect|p1a: Scolipede","|-singleturn|p1a: Scolipede|Protect","|move|p2a: Tentacruel|Scald|p1a: Scolipede","|-activate|p1a: Scolipede|Protect","|","|-heal|p1a: Scolipede|223/323|[from] item: Black Sludge","|-heal|p2a: Tentacruel|340/364|[from] item: Black Sludge","|-boost|p1a: Scolipede|spe|1|[from] ability: Speed Boost","|turn|8","|","|move|p1a: Scolipede|Megahorn|p2a: Tentacruel","|-crit|p2a: Tentacruel","|-resisted|p2a: Tentacruel","|-damage|p2a: Tentacruel|232/364","|move|p2a: Tentacruel|Haze|p2a: Tentacruel","|-clearallboost","|","|-heal|p1a: Scolipede|243/323|[from] item: Black Sludge","|-heal|p2a: Tentacruel|254/364|[from] item: Black Sludge","|-boost|p1a: Scolipede|spe|1|[from] ability: Speed Boost","|turn|9","|","|move|p1a: Scolipede|Protect|p1a: Scolipede","|-singleturn|p1a: Scolipede|Protect","|move|p2a: Tentacruel|Scald|p1a: Scolipede","|-activate|p1a: Scolipede|Protect","|","|-heal|p1a: Scolipede|263/323|[from] item: Black Sludge","|-heal|p2a: Tentacruel|276/364|[from] item: Black Sludge","|-boost|p1a: Scolipede|spe|1|[from] ability: Speed Boost","|turn|10","|chat|P@lAntek|i wish i had something else","|chat|P@lAntek|i could do","|","|move|p1a: Scolipede|Megahorn|p2a: Tentacruel","|-resisted|p2a: Tentacruel","|-damage|p2a: Tentacruel|208/364","|move|p2a: Tentacruel|Scald|p1a: Scolipede","|-end|p1a: Scolipede|Substitute","|","|-heal|p1a: Scolipede|283/323|[from] item: Black Sludge","|-heal|p2a: Tentacruel|230/364|[from] item: Black Sludge","|-boost|p1a: Scolipede|spe|1|[from] ability: Speed Boost","|turn|11","|","|move|p1a: Scolipede|Protect|p1a: Scolipede","|-singleturn|p1a: Scolipede|Protect","|move|p2a: Tentacruel|Haze|p2a: Tentacruel","|-clearallboost","|","|-heal|p1a: Scolipede|303/323|[from] item: Black Sludge","|-heal|p2a: Tentacruel|252/364|[from] item: Black Sludge","|-boost|p1a: Scolipede|spe|1|[from] ability: Speed Boost","|turn|12","|","|move|p1a: Scolipede|Substitute|p1a: Scolipede","|-start|p1a: Scolipede|Substitute","|-damage|p1a: Scolipede|223/323","|move|p2a: Tentacruel|Scald|p1a: Scolipede","|-crit|p1a: Scolipede","|-end|p1a: Scolipede|Substitute","|","|-heal|p1a: Scolipede|243/323|[from] item: Black Sludge","|-heal|p2a: Tentacruel|274/364|[from] item: Black Sludge","|-boost|p1a: Scolipede|spe|1|[from] ability: Speed Boost","|turn|13","|","|move|p1a: Scolipede|Substitute|p1a: Scolipede","|-start|p1a: Scolipede|Substitute","|-damage|p1a: Scolipede|163/323","|move|p2a: Tentacruel|Scald|p1a: Scolipede","|-end|p1a: Scolipede|Substitute","|","|-heal|p1a: Scolipede|183/323|[from] item: Black Sludge","|-heal|p2a: Tentacruel|296/364|[from] item: Black Sludge","|-boost|p1a: Scolipede|spe|1|[from] ability: Speed Boost","|turn|14","|","|move|p1a: Scolipede|Substitute|p1a: Scolipede","|-start|p1a: Scolipede|Substitute","|-damage|p1a: Scolipede|103/323","|move|p2a: Tentacruel|Haze|p2a: Tentacruel","|-clearallboost","|","|-heal|p1a: Scolipede|123/323|[from] item: Black Sludge","|-heal|p2a: Tentacruel|318/364|[from] item: Black Sludge","|-boost|p1a: Scolipede|spe|1|[from] ability: Speed Boost","|turn|15","|","|switch|p2a: Bisharp|Bisharp, M|334/334","|-item|p2a: Bisharp|Air Balloon","|move|p1a: Scolipede|Protect|p1a: Scolipede","|-fail|p1a: Scolipede","|","|-heal|p1a: Scolipede|143/323|[from] item: Black Sludge","|-boost|p1a: Scolipede|spe|1|[from] ability: Speed Boost","|turn|16","|","|move|p1a: Scolipede|Protect|p1a: Scolipede","|-singleturn|p1a: Scolipede|Protect","|move|p2a: Bisharp|Knock Off|p1a: Scolipede","|-activate|p1a: Scolipede|Protect","|","|-heal|p1a: Scolipede|163/323|[from] item: Black Sludge","|-boost|p1a: Scolipede|spe|1|[from] ability: Speed Boost","|turn|17","|","|switch|p2a: Tentacruel|Tentacruel, F|318/364","|move|p1a: Scolipede|Megahorn|p2a: Tentacruel","|-resisted|p2a: Tentacruel","|-damage|p2a: Tentacruel|246/364","|","|-heal|p1a: Scolipede|183/323|[from] item: Black Sludge","|-heal|p2a: Tentacruel|268/364|[from] item: Black Sludge","|-boost|p1a: Scolipede|spe|1|[from] ability: Speed Boost","|turn|18","|chat|P@lAntek|nah i messed that up","|","|move|p1a: Scolipede|Megahorn|p2a: Tentacruel","|-resisted|p2a: Tentacruel","|-damage|p2a: Tentacruel|196/364","|move|p2a: Tentacruel|Haze|p2a: Tentacruel","|-clearallboost","|","|-heal|p1a: Scolipede|203/323|[from] item: Black Sludge","|-heal|p2a: Tentacruel|218/364|[from] item: Black Sludge","|-boost|p1a: Scolipede|spe|1|[from] ability: Speed Boost","|turn|19","|","|move|p1a: Scolipede|Megahorn|p2a: Tentacruel|[miss]","|-miss|p1a: Scolipede|p2a: Tentacruel","|move|p2a: Tentacruel|Scald|p1a: Scolipede","|-end|p1a: Scolipede|Substitute","|","|-heal|p1a: Scolipede|223/323|[from] item: Black Sludge","|-heal|p2a: Tentacruel|240/364|[from] item: Black Sludge","|-boost|p1a: Scolipede|spe|1|[from] ability: Speed Boost","|turn|20","|","|move|p1a: Scolipede|Protect|p1a: Scolipede","|-singleturn|p1a: Scolipede|Protect","|move|p2a: Tentacruel|Scald|p1a: Scolipede","|-activate|p1a: Scolipede|Protect","|","|-heal|p1a: Scolipede|243/323|[from] item: Black Sludge","|-heal|p2a: Tentacruel|262/364|[from] item: Black Sludge","|-boost|p1a: Scolipede|spe|1|[from] ability: Speed Boost","|turn|21","|","|move|p1a: Scolipede|Substitute|p1a: Scolipede","|-start|p1a: Scolipede|Substitute","|-damage|p1a: Scolipede|163/323","|move|p2a: Tentacruel|Scald|p1a: Scolipede","|-end|p1a: Scolipede|Substitute","|","|-heal|p1a: Scolipede|183/323|[from] item: Black Sludge","|-heal|p2a: Tentacruel|284/364|[from] item: Black Sludge","|-boost|p1a: Scolipede|spe|1|[from] ability: Speed Boost","|turn|22","|","|move|p1a: Scolipede|Substitute|p1a: Scolipede","|-start|p1a: Scolipede|Substitute","|-damage|p1a: Scolipede|103/323","|move|p2a: Tentacruel|Scald|p1a: Scolipede","|-end|p1a: Scolipede|Substitute","|","|-heal|p1a: Scolipede|123/323|[from] item: Black Sludge","|-heal|p2a: Tentacruel|306/364|[from] item: Black Sludge","|-boost|p1a: Scolipede|spe|1|[from] ability: Speed Boost","|turn|23","|","|move|p1a: Scolipede|Protect|p1a: Scolipede","|-singleturn|p1a: Scolipede|Protect","|move|p2a: Tentacruel|Haze|p2a: Tentacruel","|-clearallboost","|","|-heal|p1a: Scolipede|143/323|[from] item: Black Sludge","|-heal|p2a: Tentacruel|328/364|[from] item: Black Sludge","|-boost|p1a: Scolipede|spe|1|[from] ability: Speed Boost","|turn|24","|","|move|p1a: Scolipede|Substitute|p1a: Scolipede","|-start|p1a: Scolipede|Substitute","|-damage|p1a: Scolipede|63/323","|move|p2a: Tentacruel|Scald|p1a: Scolipede","|-end|p1a: Scolipede|Substitute","|","|-heal|p1a: Scolipede|83/323|[from] item: Black Sludge","|-heal|p2a: Tentacruel|350/364|[from] item: Black Sludge","|-boost|p1a: Scolipede|spe|1|[from] ability: Speed Boost","|turn|25","|","|move|p1a: Scolipede|Protect|p1a: Scolipede","|-singleturn|p1a: Scolipede|Protect","|move|p2a: Tentacruel|Scald|p1a: Scolipede","|-activate|p1a: Scolipede|Protect","|","|-heal|p1a: Scolipede|103/323|[from] item: Black Sludge","|-heal|p2a: Tentacruel|364/364|[from] item: Black Sludge","|-boost|p1a: Scolipede|spe|1|[from] ability: Speed Boost","|turn|26","|","|move|p1a: Scolipede|Baton Pass|p1a: Scolipede","|","|switch|p1a: Kyurem-Black|Kyurem-Black, shiny|392/392","|-damage|p1a: Kyurem-Black|294/392|[from] Stealth Rock","|-ability|p1a: Kyurem-Black|Teravolt","|move|p2a: Tentacruel|Haze|p2a: Tentacruel","|-clearallboost","|","|turn|27","|","|move|p1a: Kyurem-Black|Fusion Bolt|p2a: Tentacruel","|-supereffective|p2a: Tentacruel","|-damage|p2a: Tentacruel|38/364","|move|p2a: Tentacruel|Toxic|p1a: Kyurem-Black","|-status|p1a: Kyurem-Black|tox","|","|-heal|p2a: Tentacruel|60/364|[from] item: Black Sludge","|-damage|p1a: Kyurem-Black|270/392 tox|[from] psn","|turn|28","|","|switch|p2a: Gliscor|Gliscor, M|354/354 tox","|move|p1a: Kyurem-Black|Fusion Bolt|p2a: Gliscor","|-immune|p2a: Gliscor|[msg]","|","|-damage|p1a: Kyurem-Black|222/392 tox|[from] psn","|turn|29","|chat|Fort Yellowcastle|Fuckin","|","|switch|p2a: Chansey|Chansey, F|704/704","|move|p1a: Kyurem-Black|Freeze Shock|p2a: Chansey|[still]","|-prepare|p1a: Kyurem-Black|Freeze Shock|p2a: Chansey","|-enditem|p1a: Kyurem-Black|Power Herb","|-anim|p1a: Kyurem-Black|Freeze Shock|p2a: Chansey","|-damage|p2a: Chansey|278/704","|-status|p2a: Chansey|par","|","|-damage|p1a: Kyurem-Black|150/392 tox|[from] psn","|turn|30","|","|switch|p2a: Cresselia|Cresselia, F|444/444","|move|p1a: Kyurem-Black|Fusion Bolt|p2a: Cresselia","|-damage|p2a: Cresselia|296/444","|","|-heal|p2a: Cresselia|323/444|[from] item: Leftovers","|-damage|p1a: Kyurem-Black|54/392 tox|[from] psn","|turn|31","|chat|P@lAntek|that was poweful","|","|move|p1a: Kyurem-Black|Outrage|p2a: Cresselia","|-damage|p2a: Cresselia|56/444","|move|p2a: Cresselia|Moonlight|p2a: Cresselia","|-heal|p2a: Cresselia|278/444","|","|-heal|p2a: Cresselia|305/444|[from] item: Leftovers","|-damage|p1a: Kyurem-Black|0 fnt|[from] psn","|faint|p1a: Kyurem-Black","|chat|Fort Yellowcastle|Ofc","|","|switch|p1a: Talonflame|Talonflame, M, shiny|298/298","|-damage|p1a: Talonflame|149/298|[from] Stealth Rock","|-enditem|p1a: Talonflame|Sitrus Berry|[eat]","|-heal|p1a: Talonflame|223/298|[from] item: Sitrus Berry","|turn|32","|","|move|p1a: Talonflame|Acrobatics|p2a: Cresselia","|-damage|p2a: Cresselia|185/444","|move|p2a: Cresselia|Psychic|p1a: Talonflame","|-damage|p1a: Talonflame|60/298","|","|-heal|p2a: Cresselia|212/444|[from] item: Leftovers","|turn|33","|","|move|p1a: Talonflame|Roost|p1a: Talonflame","|-heal|p1a: Talonflame|209/298","|move|p2a: Cresselia|Moonlight|p2a: Cresselia","|-heal|p2a: Cresselia|434/444","|","|-heal|p2a: Cresselia|444/444|[from] item: Leftovers","|turn|34","|","|move|p1a: Talonflame|Acrobatics|p2a: Cresselia","|-damage|p2a: Cresselia|317/444","|move|p2a: Cresselia|Thunder Wave|p1a: Talonflame","|-status|p1a: Talonflame|par","|","|-heal|p2a: Cresselia|344/444|[from] item: Leftovers","|turn|35","|","|cant|p1a: Talonflame|par","|move|p2a: Cresselia|Psychic|p1a: Talonflame","|-damage|p1a: Talonflame|46/298 par","|","|-heal|p2a: Cresselia|371/444|[from] item: Leftovers","|turn|36","|","|cant|p1a: Talonflame|par","|move|p2a: Cresselia|Psychic|p1a: Talonflame","|-damage|p1a: Talonflame|0 fnt","|faint|p1a: Talonflame","|","|-heal|p2a: Cresselia|398/444|[from] item: Leftovers","|chat|Fort Yellowcastle|Wow","|chat|Fort Yellowcastle|hax","|chat|P@lAntek|lol hax","|chat|Fort Yellowcastle|af","|","|switch|p1a: Gengar|Gengar, M|262/262","|-damage|p1a: Gengar|230/262|[from] Stealth Rock","|turn|37","|","|switch|p2a: Chansey|Chansey, F|278/704","|move|p1a: Gengar|Shadow Ball|p2a: Chansey","|-immune|p2a: Chansey|[msg]","|","|turn|38","|","|switch|p1a: Scolipede|Scolipede, M|103/323","|-damage|p1a: Scolipede|23/323|[from] Stealth Rock","|move|p2a: Chansey|Soft-Boiled|p2a: Chansey","|-heal|p2a: Chansey|630/704","|","|-heal|p1a: Scolipede|43/323|[from] item: Black Sludge","|turn|39","|","|move|p1a: Scolipede|Protect|p1a: Scolipede","|-singleturn|p1a: Scolipede|Protect","|move|p2a: Chansey|Seismic Toss|p1a: Scolipede","|-activate|p1a: Scolipede|Protect","|","|-heal|p1a: Scolipede|63/323|[from] item: Black Sludge","|-boost|p1a: Scolipede|spe|1|[from] ability: Speed Boost","|turn|40","|","|move|p1a: Scolipede|Baton Pass|p1a: Scolipede","|","|switch|p1a: Togekiss|Togekiss, F, shiny|374/374","|-damage|p1a: Togekiss|281/374|[from] Stealth Rock","|move|p2a: Chansey|Wish|p2a: Chansey","|","|-heal|p1a: Togekiss|304/374|[from] item: Leftovers","|turn|41","|","|move|p1a: Togekiss|Thunder Wave|p2a: Chansey","|-status|p2a: Chansey|par","|move|p2a: Chansey|Seismic Toss|p1a: Togekiss","|-damage|p1a: Togekiss|204/374","|","|-heal|p2a: Chansey|704/704 par|[from] move: Wish|[wisher] Chansey","|-heal|p1a: Togekiss|227/374|[from] item: Leftovers","|turn|42","|","|move|p1a: Togekiss|Sweet Kiss|p2a: Chansey","|-start|p2a: Chansey|confusion","|-activate|p2a: Chansey|confusion","|move|p2a: Chansey|Wish|p2a: Chansey","|","|-heal|p1a: Togekiss|250/374|[from] item: Leftovers","|turn|43","|chat|P@lAntek|lol nice","|chat|P@lAntek|parafusion flinch tricombo","|chat|Fort Yellowcastle|I'm like trying to build a new team atm, but like I'm failing miserably","|","|switch|p2a: Gliscor|Gliscor, M|354/354 tox","|move|p1a: Togekiss|Air Slash|p2a: Gliscor","|-damage|p2a: Gliscor|221/354 tox","|","|-heal|p2a: Gliscor|354/354 tox|[from] move: Wish|[wisher] Chansey","|-heal|p1a: Togekiss|273/374|[from] item: Leftovers","|turn|44","|chat|P@lAntek|i just built this team around chansey today","|chat|Fort Yellowcastle|Lol","|","|move|p1a: Togekiss|Attract|p2a: Gliscor","|-start|p2a: Gliscor|Attract","|-activate|p2a: Gliscor|Attract|[of] p1a: Togekiss","|cant|p2a: Gliscor|Attract","|","|-heal|p1a: Togekiss|296/374|[from] item: Leftovers","|turn|45","|chat|P@lAntek|kiss ? :D","|","|move|p1a: Togekiss|Sweet Kiss|p2a: Gliscor","|-start|p2a: Gliscor|confusion","|-activate|p2a: Gliscor|confusion","|-activate|p2a: Gliscor|Attract|[of] p1a: Togekiss","|cant|p2a: Gliscor|Attract","|","|-heal|p1a: Togekiss|319/374|[from] item: Leftovers","|turn|46","|","|move|p1a: Togekiss|Air Slash|p2a: Gliscor","|-damage|p2a: Gliscor|233/354 tox","|-activate|p2a: Gliscor|confusion","|-damage|p2a: Gliscor|213/354 tox|[from] confusion","|","|-heal|p1a: Togekiss|342/374|[from] item: Leftovers","|-heal|p2a: Gliscor|257/354 tox|[from] ability: Poison Heal","|turn|47","|","|move|p1a: Togekiss|Air Slash|p2a: Gliscor","|-damage|p2a: Gliscor|118/354 tox","|-activate|p2a: Gliscor|confusion","|-damage|p2a: Gliscor|98/354 tox|[from] confusion","|","|-heal|p1a: Togekiss|365/374|[from] item: Leftovers","|-heal|p2a: Gliscor|142/354 tox|[from] ability: Poison Heal","|turn|48","|chat|P@lAntek|actually i consider it hax if i do hit","|chat|Fort Yellowcastle|The odds of u moving are like so low af","|","|switch|p2a: Bisharp|Bisharp, M|334/334","|-item|p2a: Bisharp|Air Balloon","|move|p1a: Togekiss|Air Slash|p2a: Bisharp","|-resisted|p2a: Bisharp","|-damage|p2a: Bisharp|262/334","|-enditem|p2a: Bisharp|Air Balloon","|","|-heal|p1a: Togekiss|374/374|[from] item: Leftovers","|turn|49","|chat|Fort Yellowcastle|and then imagine para added: quadrifusion","|","|move|p1a: Togekiss|Attract|p2a: Bisharp","|-start|p2a: Bisharp|Attract","|-activate|p2a: Bisharp|Attract|[of] p1a: Togekiss","|move|p2a: Bisharp|Knock Off|p1a: Togekiss","|-resisted|p1a: Togekiss","|-damage|p1a: Togekiss|279/374","|-enditem|p1a: Togekiss|Leftovers|[from] move: Knock Off|[of] p2a: Bisharp","|","|turn|50","|chat|P@lAntek|impecably annoying but masterful :P","|chat|Fort Yellowcastle|:P","|","|switch|p2a: Chansey|Chansey, F|704/704","|move|p1a: Togekiss|Thunder Wave|p2a: Chansey","|-status|p2a: Chansey|par","|","|turn|51","|","|move|p1a: Togekiss|Sweet Kiss|p2a: Chansey","|-start|p2a: Chansey|confusion","|-activate|p2a: Chansey|confusion","|-damage|p2a: Chansey|697/704 par|[from] confusion","|","|turn|52","|","|move|p1a: Togekiss|Air Slash|p2a: Chansey","|-damage|p2a: Chansey|625/704 par","|-activate|p2a: Chansey|confusion","|-damage|p2a: Chansey|618/704 par|[from] confusion","|","|turn|53","|","|move|p1a: Togekiss|Air Slash|p2a: Chansey","|-damage|p2a: Chansey|554/704 par","|cant|p2a: Chansey|par","|","|turn|54","|","|move|p1a: Togekiss|Air Slash|p2a: Chansey","|-damage|p2a: Chansey|484/704 par","|-activate|p2a: Chansey|confusion","|-damage|p2a: Chansey|476/704 par|[from] confusion","|","|turn|55","|chat|Fort Yellowcastle|Wow...","|chat|P@lAntek|25 % paralyze ?","|chat|Fort Yellowcastle|3 confusions","|chat|P@lAntek|60% flinch","|chat|Fort Yellowcastle|idk","|","|move|p1a: Togekiss|Air Slash|p2a: Chansey","|-damage|p2a: Chansey|407/704 par","|cant|p2a: Chansey|flinch","|","|turn|56","|chat|P@lAntek|and idk how much confusion","|","|switch|p2a: Cresselia|Cresselia, F|398/444","|move|p1a: Togekiss|Air Slash|p2a: Cresselia","|-damage|p2a: Cresselia|320/444","|","|-heal|p2a: Cresselia|347/444|[from] item: Leftovers","|turn|57","|","|move|p1a: Togekiss|Thunder Wave|p2a: Cresselia","|-status|p2a: Cresselia|par","|move|p2a: Cresselia|Thunder Wave|p1a: Togekiss","|-status|p1a: Togekiss|par","|","|-heal|p2a: Cresselia|374/444 par|[from] item: Leftovers","|turn|58","|chat|Fort Yellowcastle|Darn","|chat|Fort Yellowcastle|if only cress was ,ale","|chat|P@lAntek|it cant be","|","|switch|p2a: Chansey|Chansey, F|407/704","|cant|p1a: Togekiss|par","|","|turn|59","|chat|Fort Yellowcastle|Welp","|","|move|p2a: Chansey|Soft-Boiled|p2a: Chansey","|-heal|p2a: Chansey|704/704","|move|p1a: Togekiss|Sweet Kiss|p2a: Chansey|[miss]","|-miss|p1a: Togekiss|p2a: Chansey","|","|turn|60","|","|move|p2a: Chansey|Wish|p2a: Chansey","|move|p1a: Togekiss|Thunder Wave|p2a: Chansey","|-status|p2a: Chansey|par","|","|turn|61","|","|switch|p2a: Tentacruel|Tentacruel, F|60/364","|move|p1a: Togekiss|Sweet Kiss|p2a: Tentacruel","|-start|p2a: Tentacruel|confusion","|","|-heal|p2a: Tentacruel|364/364|[from] move: Wish|[wisher] Chansey","|turn|62","|","|switch|p2a: Chansey|Chansey, F|704/704","|move|p1a: Togekiss|Thunder Wave|p2a: Chansey","|-status|p2a: Chansey|par","|","|turn|63","|","|move|p1a: Togekiss|Air Slash|p2a: Chansey","|-damage|p2a: Chansey|638/704 par","|cant|p2a: Chansey|flinch","|","|turn|64","|player|p1","|chat|HoeenKid|hi","|chat|P@lAntek|oh you are back good","|chat|P@lAntek|:D","|","|win|P@lAntek"],"p1rating":{"entryid":5853285,"formatid":"ou","userid":"fortyellowcastle","username":"Fort Yellowcastle","r":1500,"rd":130,"sigma":0,"rpr":1459.8393856612,"rprd":122.8583080769,"rpsigma":0,"rptime":1408060800,"w":0,"l":1,"t":0,"gxe":45,"acre":1000,"lacre":1000,"oldacre":1000},"p2rating":{"entryid":"5852765","serverid":"prism","formatid":"ou","userid":"plantek","username":"P@lAntek","w":2,"l":"0","t":"0","gxe":59,"r":"1500","rd":"130","sigma":"0","rptime":"1408060800","rpr":1572.5671258289,"rprd":116.77753930647,"rpsigma":"0","acre":1070.1028089042,"lacre":1070.1028089042,"oldacre":"1040"},"endType":"forfeit"}