{"turns":25,"p1":"ShinyBlaziken2000","p2":"rosepetal","p1team":[{"name":"Scolipede","moves":["irontail","gyroball","rollout","poisonjab"],"ability":"Speed Boost","evs":{"hp":15,"atk":132,"def":5,"spa":255,"spd":27,"spe":76},"ivs":{"hp":28,"atk":6,"def":4,"spa":26,"spd":5,"spe":29},"nature":"Quirky","item":"focussash","level":75,"happiness":246,"shiny":false},{"name":"Raticate","moves":["protect","dig","thunder","mimic"],"ability":"Run Away","evs":{"hp":188,"atk":0,"def":118,"spa":50,"spd":145,"spe":9},"ivs":{"hp":25,"atk":26,"def":11,"spa":8,"spd":9,"spe":0},"nature":"Rash","item":"shedshell","level":79,"happiness":6,"shiny":false},{"name":"Unown","moves":["hiddenpower"],"ability":"Levitate","evs":{"hp":208,"atk":0,"def":179,"spa":14,"spd":0,"spe":109},"ivs":{"hp":17,"atk":25,"def":6,"spa":18,"spd":24,"spe":19},"nature":"Sassy","item":"metalpowder","level":86,"happiness":75,"shiny":false},{"name":"Alakazam","moves":["skillswap","naturalgift","recover","headbutt"],"ability":"Synchronize","evs":{"hp":5,"atk":72,"def":34,"spa":1,"spd":231,"spe":167},"ivs":{"hp":14,"atk":13,"def":20,"spa":15,"spd":27,"spe":19},"nature":"Modest","item":"twistedspoon","level":74,"happiness":65,"shiny":false},{"name":"Tentacruel","moves":["bubblebeam","attract","round","endure"],"ability":"Liquid Ooze","evs":{"hp":193,"atk":172,"def":29,"spa":0,"spd":41,"spe":75},"ivs":{"hp":4,"atk":4,"def":5,"spa":31,"spd":29,"spe":0},"nature":"Modest","item":"duskball","level":73,"happiness":1,"shiny":false},{"name":"Fennekin","moves":["psyshock","incinerate","frustration","tailwhip"],"ability":"Magician","evs":{"hp":82,"atk":2,"def":209,"spa":0,"spd":209,"spe":8},"ivs":{"hp":21,"atk":1,"def":9,"spa":12,"spd":11,"spe":10},"nature":"Modest","item":"snowball","level":88,"happiness":225,"shiny":false}],"p2team":[{"name":"Loudred","moves":["protect","rest","swagger","stomp"],"ability":"Scrappy","evs":{"hp":0,"atk":255,"def":0,"spa":3,"spd":201,"spe":51},"ivs":{"hp":14,"atk":27,"def":17,"spa":2,"spd":22,"spe":11},"nature":"Brave","item":"gripclaw","level":84,"happiness":17,"shiny":false},{"name":"Prinplup","moves":["strength","tackle","icebeam","return"],"ability":"Defiant","evs":{"hp":36,"atk":23,"def":223,"spa":0,"spd":158,"spe":70},"ivs":{"hp":13,"atk":6,"def":10,"spa":28,"spd":8,"spe":7},"nature":"Sassy","item":"stick","level":80,"happiness":193,"shiny":false},{"name":"Meganium","moves":["dragontail","aromatherapy","captivate","irontail"],"ability":"Overgrow","evs":{"hp":44,"atk":0,"def":2,"spa":242,"spd":30,"spe":192},"ivs":{"hp":19,"atk":10,"def":17,"spa":28,"spd":16,"spe":10},"nature":"Adamant","item":"luxuryball","level":72,"happiness":226,"shiny":false},{"name":"Suicune","moves":["swift","bubblebeam","ominouswind","extrasensory"],"ability":"Pressure","evs":{"hp":123,"atk":189,"def":3,"spa":7,"spd":188,"spe":0},"ivs":{"hp":3,"atk":5,"def":14,"spa":13,"spd":12,"spe":20},"nature":"Adamant","item":"poisongem","level":69,"happiness":188,"shiny":false},{"name":"Taillow","moves":["sunnyday","ominouswind","frustration","toxic"],"ability":"Guts","evs":{"hp":245,"atk":5,"def":0,"spa":40,"spd":0,"spe":220},"ivs":{"hp":18,"atk":6,"def":8,"spa":26,"spd":17,"spe":0},"nature":"Relaxed","item":"muscleband","level":91,"happiness":98,"shiny":false},{"name":"Kadabra","moves":["sleeptalk","metronome","teleport","raindance"],"ability":"Synchronize","evs":{"hp":114,"atk":151,"def":0,"spa":105,"spd":133,"spe":7},"ivs":{"hp":21,"atk":23,"def":15,"spa":27,"spd":9,"spe":6},"nature":"Naughty","item":"ironball","level":81,"happiness":197,"shiny":false}],"log":["|player|p1|ShinyBlaziken2000|290","|player|p2|rosepetal|287","|gametype|singles","|gen|6","|tier|Truly Random Battle","|rated","|rule|HP Percentage Mod: HP is shown in percentages","|","|start","|switch|p1a: Scolipede|Scolipede, L75, F|198/198","|switch|p2a: Loudred|Loudred, L84, F|246/246","|turn|1","|chat|ShinyBlaziken2000|Don't I know you from somewhere?","|chat|rosepetal|Hm?","|","|move|p1a: Scolipede|Poison Jab|p2a: Loudred","|-damage|p2a: Loudred|101/246","|move|p2a: Loudred|Stomp|p1a: Scolipede","|-damage|p1a: Scolipede|108/198","|","|-boost|p1a: Scolipede|spe|1|[from] ability: Speed Boost","|turn|2","|chat|ShinyBlaziken2000|;D","|","|move|p1a: Scolipede|Poison Jab|p2a: Loudred","|-damage|p2a: Loudred|0 fnt","|faint|p2a: Loudred","|","|-boost|p1a: Scolipede|spe|1|[from] ability: Speed Boost","|chat|ShinyBlaziken2000|Speed Demon....","|","|switch|p2a: Kadabra|Kadabra, L81, M|195/195","|turn|3","|chat|ShinyBlaziken2000|Goning on the highway, gotta have it my way.","|chat|HoeenKid|Winner gets on rand bats room intro and if he/she can hold #1 till the month ends he/she is the winner of the monthly rand bats compotition!","|","|move|p1a: Scolipede|Poison Jab|p2a: Kadabra","|-damage|p2a: Kadabra|9/195","|move|p2a: Kadabra|Metronome|p2a: Kadabra","|move|p2a: Kadabra|Seed Bomb|p1a: Scolipede|[from]Metronome","|-resisted|p1a: Scolipede","|-damage|p1a: Scolipede|97/198","|","|-boost|p1a: Scolipede|spe|1|[from] ability: Speed Boost","|turn|4","|chat|rosepetal|of course seed bomb :(","|chat|ShinyBlaziken2000|:)","|","|move|p1a: Scolipede|Poison Jab|p2a: Kadabra","|-damage|p2a: Kadabra|0 fnt","|faint|p2a: Kadabra","|","|-boost|p1a: Scolipede|spe|1|[from] ability: Speed Boost","|","|switch|p2a: Prinplup|Prinplup, L80, F|210/210","|turn|5","|chat|ShinyBlaziken2000|Speed demon","|chat|ShinyBlaziken2000|Mind is like a ghost, i'm stoppin' at nothin'","|","|move|p1a: Scolipede|Poison Jab|p2a: Prinplup","|-damage|p2a: Prinplup|135/210","|move|p2a: Prinplup|Strength|p1a: Scolipede","|-damage|p1a: Scolipede|56/198","|","|-boost|p1a: Scolipede|spe|1|[from] ability: Speed Boost","|turn|6","|","|move|p1a: Scolipede|Poison Jab|p2a: Prinplup","|-damage|p2a: Prinplup|48/210","|-status|p2a: Prinplup|psn","|move|p2a: Prinplup|Ice Beam|p1a: Scolipede","|-damage|p1a: Scolipede|0 fnt","|faint|p1a: Scolipede","|","|-damage|p2a: Prinplup|22/210 psn|[from] psn","|","|switch|p1a: Raticate|Raticate, L79, F|232/232","|turn|7","|","|move|p1a: Raticate|Protect|p1a: Raticate","|-singleturn|p1a: Raticate|Protect","|move|p2a: Prinplup|Strength|p1a: Raticate","|-activate|p1a: Raticate|Protect","|","|-damage|p2a: Prinplup|0 fnt|[from] psn","|faint|p2a: Prinplup","|","|switch|p2a: Taillow|Taillow, L91, M|245/245","|turn|8","|chat|HoeenKid|Brb","|","|move|p2a: Taillow|Toxic|p1a: Raticate","|-status|p1a: Raticate|tox","|move|p1a: Raticate|Thunder|p2a: Taillow","|-supereffective|p2a: Taillow","|-damage|p2a: Taillow|65/245","|","|-damage|p1a: Raticate|218/232 tox|[from] psn","|turn|9","|chat|ShinyBlaziken2000|k","|","|move|p2a: Taillow|Frustration|p1a: Raticate","|-damage|p1a: Raticate|160/232 tox","|move|p1a: Raticate|Thunder|p2a: Taillow|[miss]","|-miss|p1a: Raticate|p2a: Taillow","|","|-damage|p1a: Raticate|132/232 tox|[from] psn","|turn|10","|chat|ShinyBlaziken2000|:(","|","|switch|p2a: Meganium|Meganium, L72, F|218/218","|move|p1a: Raticate|Thunder|p2a: Meganium|[miss]","|-miss|p1a: Raticate|p2a: Meganium","|","|-damage|p1a: Raticate|90/232 tox|[from] psn","|turn|11","|","|move|p1a: Raticate|Thunder|p2a: Meganium","|-resisted|p2a: Meganium","|-damage|p2a: Meganium|197/218","|move|p2a: Meganium|Dragon Tail|p1a: Raticate","|-damage|p1a: Raticate|54/232 tox","|drag|p1a: Unown|Unown, L86|237/237","|","|turn|12","|","|move|p1a: Unown|Hidden Power|p2a: Meganium","|-supereffective|p2a: Meganium","|-damage|p2a: Meganium|127/218","|move|p2a: Meganium|Dragon Tail|p1a: Unown","|-damage|p1a: Unown|199/237","|drag|p1a: Alakazam|Alakazam, L74, M|176/176","|","|turn|13","|chat|Rongetio (Trainer)|Sweet. A Mega.","|","|move|p1a: Alakazam|Headbutt|p2a: Meganium","|-damage|p2a: Meganium|105/218","|move|p2a: Meganium|Dragon Tail|p1a: Alakazam","|-damage|p1a: Alakazam|119/176","|drag|p1a: Raticate|Raticate, L79, F|54/232 tox","|","|-damage|p1a: Raticate|40/232 tox|[from] psn","|turn|14","|chat|ShinyBlaziken2000|I have a sppon","|chat|ShinyBlaziken2000|*spoon","|","|move|p1a: Raticate|Mimic|p2a: Meganium","|-start|p1a: Raticate|Mimic|Dragon Tail","|move|p2a: Meganium|Dragon Tail|p1a: Raticate","|-damage|p1a: Raticate|4/232 tox","|drag|p1a: Tentacruel|Tentacruel, L73, M|237/237","|","|turn|15","|chat|Rongetio (Trainer)|You mean two spoons.","|","|move|p1a: Tentacruel|Bubble Beam|p2a: Meganium","|-resisted|p2a: Meganium","|-damage|p2a: Meganium|79/218","|move|p2a: Meganium|Dragon Tail|p1a: Tentacruel","|-damage|p1a: Tentacruel|194/237","|drag|p1a: Alakazam|Alakazam, L74, M|119/176","|","|turn|16","|chat|ShinyBlaziken2000|No, it's holding a twisted spoon","|","|move|p1a: Alakazam|Headbutt|p2a: Meganium","|-crit|p2a: Meganium","|-damage|p2a: Meganium|42/218","|move|p2a: Meganium|Dragon Tail|p1a: Alakazam","|-damage|p1a: Alakazam|65/176","|drag|p1a: Fennekin|Fennekin, L88, M|204/204","|","|turn|17","|chat|Rongetio (Trainer)|Oh. I see now.","|chat|ShinyBlaziken2000|Go Ylvis!","|","|move|p1a: Fennekin|Incinerate|p2a: Meganium","|-supereffective|p2a: Meganium","|-damage|p2a: Meganium|0 fnt","|faint|p2a: Meganium","|","|","|switch|p2a: Suicune|Suicune, L69|239/239","|-ability|p2a: Suicune|Pressure","|turn|18","|chat|ShinyBlaziken2000|:D","|chat|ShinyBlaziken2000|D:","|","|move|p2a: Suicune|Bubble Beam|p1a: Fennekin","|-supereffective|p1a: Fennekin","|-damage|p1a: Fennekin|124/204","|move|p1a: Fennekin|Psyshock|p2a: Suicune","|-crit|p2a: Suicune","|-damage|p2a: Suicune|176/239","|","|turn|19","|","|move|p2a: Suicune|Bubble Beam|p1a: Fennekin","|-supereffective|p1a: Fennekin","|-damage|p1a: Fennekin|44/204","|move|p1a: Fennekin|Psyshock|p2a: Suicune","|-damage|p2a: Suicune|131/239","|","|turn|20","|","|move|p2a: Suicune|Bubble Beam|p1a: Fennekin","|-supereffective|p1a: Fennekin","|-damage|p1a: Fennekin|0 fnt","|faint|p1a: Fennekin","|","|","|switch|p1a: Raticate|Raticate, L79, F|4/232 tox","|turn|21","|","|move|p1a: Raticate|Thunder|p2a: Suicune","|-supereffective|p2a: Suicune","|-damage|p2a: Suicune|59/239","|move|p2a: Suicune|Swift|p1a: Raticate","|-crit|p1a: Raticate","|-damage|p1a: Raticate|0 fnt","|faint|p1a: Raticate","|","|","|switch|p1a: Tentacruel|Tentacruel, L73, M|194/237","|turn|22","|","|move|p1a: Tentacruel|Bubble Beam|p2a: Suicune","|-resisted|p2a: Suicune","|-damage|p2a: Suicune|38/239","|move|p2a: Suicune|Extrasensory|p1a: Tentacruel","|-supereffective|p1a: Tentacruel","|-damage|p1a: Tentacruel|138/237","|","|turn|23","|","|move|p1a: Tentacruel|Round|p2a: Suicune","|-damage|p2a: Suicune|10/239","|move|p2a: Suicune|Extrasensory|p1a: Tentacruel","|-supereffective|p1a: Tentacruel","|-damage|p1a: Tentacruel|82/237","|","|turn|24","|","|move|p1a: Tentacruel|Round|p2a: Suicune","|-damage|p2a: Suicune|0 fnt","|faint|p2a: Suicune","|","|","|switch|p2a: Taillow|Taillow, L91, M|65/245","|turn|25","|","|move|p2a: Taillow|Frustration|p1a: Tentacruel","|-damage|p1a: Tentacruel|13/237","|move|p1a: Tentacruel|Round|p2a: Taillow","|-damage|p2a: Taillow|0 fnt","|faint|p2a: Taillow","|","|win|ShinyBlaziken2000"],"p1rating":{"entryid":6316062,"formatid":"trulyrandombattle","userid":"shinyblaziken2000","username":"ShinyBlaziken2000","r":1500,"rd":130,"sigma":0,"rpr":1540.1606143388,"rprd":122.8583080769,"rpsigma":0,"rptime":1409443200,"w":1,"l":0,"t":0,"gxe":55,"acre":1040,"lacre":1040,"oldacre":1000},"p2rating":{"entryid":6316063,"formatid":"trulyrandombattle","userid":"rosepetal","username":"rosepetal","r":1500,"rd":130,"sigma":0,"rpr":1459.8393856612,"rprd":122.8583080769,"rpsigma":0,"rptime":1409443200,"w":0,"l":1,"t":0,"gxe":45,"acre":1000,"lacre":1000,"oldacre":1000},"endType":"normal"}