{"turns":19,"p1":"kermitfan405","p2":"BowlingLettuce","p1team":[{"name":"Kingdra","moves":["waterfall","outrage","substitute","dracometeor"],"ability":"Sniper","evs":{"hp":85,"atk":85,"def":85,"spa":85,"spd":85,"spe":85},"ivs":{"hp":31,"atk":31,"def":31,"spa":31,"spd":31,"spe":31},"item":"Leftovers","level":78,"shiny":false},{"name":"Heliolisk","moves":["surf","thunder","darkpulse","raindance"],"ability":"Dry Skin","evs":{"hp":85,"atk":85,"def":85,"spa":85,"spd":85,"spe":85},"ivs":{"hp":31,"atk":31,"def":31,"spa":31,"spd":31,"spe":31},"item":"Damp Rock","level":82,"shiny":false},{"name":"Sandslash","moves":["toxic","stealthrock","xscissor","earthquake"],"ability":"Sand Rush","evs":{"hp":85,"atk":85,"def":85,"spa":85,"spd":85,"spe":85},"ivs":{"hp":31,"atk":31,"def":31,"spa":31,"spd":31,"spe":31},"item":"Leftovers","level":86,"shiny":false},{"name":"Darkrai","moves":["substitute","nastyplot","darkpulse","focusblast"],"ability":"Bad Dreams","evs":{"hp":85,"atk":85,"def":85,"spa":85,"spd":85,"spe":85},"ivs":{"hp":31,"atk":31,"def":31,"spa":31,"spd":31,"spe":31},"item":"Leftovers","level":70,"shiny":false},{"name":"Durant","moves":["ironhead","superpower","batonpass","honeclaws"],"ability":"Hustle","evs":{"hp":85,"atk":85,"def":85,"spa":85,"spd":85,"spe":85},"ivs":{"hp":31,"atk":31,"def":31,"spa":31,"spd":31,"spe":31},"item":"Leftovers","level":86,"shiny":false},{"name":"Tornadus-Therian","moves":["hurricane","uturn","heatwave","focusblast"],"ability":"Regenerator","evs":{"hp":85,"atk":85,"def":85,"spa":85,"spd":85,"spe":85},"ivs":{"hp":31,"atk":31,"def":31,"spa":31,"spd":31,"spe":31},"item":"Expert Belt","level":76,"shiny":false}],"p2team":[{"name":"Stoutland","moves":["superpower","crunch","return","icefang"],"ability":"Intimidate","evs":{"hp":85,"atk":85,"def":85,"spa":85,"spd":85,"spe":85},"ivs":{"hp":31,"atk":31,"def":31,"spa":31,"spd":31,"spe":31},"item":"Expert Belt","level":86,"shiny":false},{"name":"Mewtwo","moves":["thunderbolt","calmmind","willowisp","icebeam"],"ability":"Unnerve","evs":{"hp":85,"atk":85,"def":85,"spa":85,"spd":85,"spe":85},"ivs":{"hp":31,"atk":31,"def":31,"spa":31,"spd":31,"spe":31},"item":"Mewtwonite Y","level":70,"shiny":false},{"name":"Parasect","moves":["knockoff","leechseed","xscissor","stunspore"],"ability":"Dry Skin","evs":{"hp":85,"atk":85,"def":85,"spa":85,"spd":85,"spe":85},"ivs":{"hp":31,"atk":31,"def":31,"spa":31,"spd":31,"spe":31},"item":"Leftovers","level":86,"shiny":false},{"name":"Scrafty","moves":["highjumpkick","icepunch","bulkup","knockoff"],"ability":"Moxie","evs":{"hp":85,"atk":85,"def":85,"spa":85,"spd":85,"spe":85},"ivs":{"hp":31,"atk":31,"def":31,"spa":31,"spd":31,"spe":31},"item":"Life Orb","level":78,"shiny":false},{"name":"Zygarde","moves":["extremespeed","coil","earthquake","outrage"],"ability":"Aura Break","evs":{"hp":85,"atk":85,"def":85,"spa":85,"spd":85,"spe":85},"ivs":{"hp":31,"atk":31,"def":31,"spa":31,"spd":31,"spe":31},"item":"Leftovers","level":76,"shiny":false},{"name":"Luxray","moves":["wildcharge","superpower","firefang","crunch"],"ability":"Guts","evs":{"hp":85,"atk":85,"def":85,"spa":85,"spd":85,"spe":85},"ivs":{"hp":31,"atk":31,"def":31,"spa":31,"spd":31,"spe":31},"item":"Toxic Orb","level":86,"shiny":false}],"log":["|player|p1|kermitfan405|101","|player|p2|BowlingLettuce|2","|gametype|singles","|gen|6","|tier|Random Battle","|rated","|rule|Sleep Clause Mod: Limit one foe put to sleep","|rule|HP Percentage Mod: HP is reported as percentages","|","|start","|switch|p1a: Kingdra|Kingdra, L78, F|245/245","|switch|p2a: Stoutland|Stoutland, L86, F|286/286","|-ability|p2a: Stoutland|Intimidate|[of] p1a: Kingdra","|-unboost|p1a: Kingdra|atk|1","|turn|1","|","|switch|p1a: Darkrai|Darkrai, L70|214/214","|move|p2a: Stoutland|Superpower|p1a: Darkrai","|-supereffective|p1a: Darkrai","|-damage|p1a: Darkrai|0 fnt","|-unboost|p2a: Stoutland|atk|1","|-unboost|p2a: Stoutland|def|1","|faint|p1a: Darkrai","|","|","|switch|p1a: Durant|Durant, L86, M|240/240","|turn|2","|","|move|p1a: Durant|Superpower|p2a: Stoutland","|-supereffective|p2a: Stoutland","|-damage|p2a: Stoutland|0 fnt","|-unboost|p1a: Durant|atk|1","|-unboost|p1a: Durant|def|1","|faint|p2a: Stoutland","|","|","|switch|p2a: Mewtwo|Mewtwo, L70|264/264","|-ability|p2a: Mewtwo|Unnerve|p1: kermitfan405","|turn|3","|","|move|p1a: Durant|Hone Claws|p1a: Durant","|-boost|p1a: Durant|atk|1","|-boost|p1a: Durant|accuracy|1","|move|p2a: Mewtwo|Thunderbolt|p1a: Durant","|-damage|p1a: Durant|136/240","|","|-heal|p1a: Durant|151/240|[from] item: Leftovers","|turn|4","|","|move|p1a: Durant|Hone Claws|p1a: Durant","|-boost|p1a: Durant|atk|1","|-boost|p1a: Durant|accuracy|1","|move|p2a: Mewtwo|Ice Beam|p1a: Durant","|-resisted|p1a: Durant","|-damage|p1a: Durant|103/240","|","|-heal|p1a: Durant|118/240|[from] item: Leftovers","|turn|5","|","|move|p1a: Durant|Hone Claws|p1a: Durant","|-boost|p1a: Durant|atk|1","|-boost|p1a: Durant|accuracy|1","|move|p2a: Mewtwo|Will-O-Wisp|p1a: Durant","|-status|p1a: Durant|brn","|","|-heal|p1a: Durant|133/240 brn|[from] item: Leftovers","|-damage|p1a: Durant|103/240 brn|[from] brn","|turn|6","|","|move|p1a: Durant|Hone Claws|p1a: Durant","|-boost|p1a: Durant|atk|1","|-boost|p1a: Durant|accuracy|1","|move|p2a: Mewtwo|Thunderbolt|p1a: Durant","|-damage|p1a: Durant|1/240 brn","|","|-heal|p1a: Durant|16/240 brn|[from] item: Leftovers","|-damage|p1a: Durant|0 fnt|[from] brn","|faint|p1a: Durant","|","|switch|p1a: Sandslash|Sandslash, L86, F|269/269","|turn|7","|","|move|p2a: Mewtwo|Ice Beam|p1a: Sandslash","|-supereffective|p1a: Sandslash","|-damage|p1a: Sandslash|97/269","|-status|p1a: Sandslash|frz","|cant|p1a: Sandslash|frz","|","|-heal|p1a: Sandslash|113/269 frz|[from] item: Leftovers","|turn|8","|","|move|p2a: Mewtwo|Ice Beam|p1a: Sandslash","|-supereffective|p1a: Sandslash","|-damage|p1a: Sandslash|0 fnt","|faint|p1a: Sandslash","|","|","|switch|p1a: Kingdra|Kingdra, L78, F|245/245","|turn|9","|","|move|p2a: Mewtwo|Thunderbolt|p1a: Kingdra","|-damage|p1a: Kingdra|183/245","|move|p1a: Kingdra|Waterfall|p2a: Mewtwo","|-damage|p2a: Mewtwo|179/264","|","|-heal|p1a: Kingdra|198/245|[from] item: Leftovers","|turn|10","|","|move|p2a: Mewtwo|Will-O-Wisp|p1a: Kingdra","|-status|p1a: Kingdra|brn","|move|p1a: Kingdra|Outrage|p2a: Mewtwo","|-damage|p2a: Mewtwo|119/264","|","|-heal|p1a: Kingdra|213/245 brn|[from] item: Leftovers","|-damage|p1a: Kingdra|183/245 brn|[from] brn","|turn|11","|","|move|p2a: Mewtwo|Ice Beam|p1a: Kingdra","|-damage|p1a: Kingdra|117/245 brn","|move|p1a: Kingdra|Outrage|p2a: Mewtwo","|-crit|p2a: Mewtwo","|-damage|p2a: Mewtwo|0 fnt","|faint|p2a: Mewtwo","|","|-heal|p1a: Kingdra|132/245 brn|[from] item: Leftovers","|-damage|p1a: Kingdra|102/245 brn|[from] brn","|","|switch|p2a: Parasect|Parasect, L86, M|243/243","|turn|12","|","|move|p1a: Kingdra|Outrage|p2a: Parasect","|-damage|p2a: Parasect|189/243","|move|p2a: Parasect|Knock Off|p1a: Kingdra","|-damage|p1a: Kingdra|30/245 brn","|-enditem|p1a: Kingdra|Leftovers|[from] move: Knock Off|[of] p2a: Parasect","|","|-end|p1a: Kingdra|rampage","|-start|p1a: Kingdra|confusion","|-heal|p2a: Parasect|204/243|[from] item: Leftovers","|-damage|p1a: Kingdra|0 fnt|[from] brn","|faint|p1a: Kingdra","|","|switch|p1a: Tornadus-Therian|Tornadus-Therian, L76, M|245/245","|turn|13","|","|move|p1a: Tornadus-Therian|Heat Wave|p2a: Parasect","|-supereffective|p2a: Parasect","|-damage|p2a: Parasect|0 fnt","|faint|p2a: Parasect","|","|","|switch|p2a: Scrafty|Scrafty, L78, F|229/229","|turn|14","|","|move|p1a: Tornadus-Therian|Focus Blast|p2a: Scrafty","|-supereffective|p2a: Scrafty","|-damage|p2a: Scrafty|78/229","|move|p2a: Scrafty|Bulk Up|p2a: Scrafty","|-boost|p2a: Scrafty|atk|1","|-boost|p2a: Scrafty|def|1","|","|turn|15","|","|move|p1a: Tornadus-Therian|Focus Blast|p2a: Scrafty","|-supereffective|p2a: Scrafty","|-damage|p2a: Scrafty|0 fnt","|faint|p2a: Scrafty","|","|","|switch|p2a: Zygarde|Zygarde, L76|289/289","|-ability|p2a: Zygarde|Aura Break","|turn|16","|","|move|p2a: Zygarde|Extreme Speed|p1a: Tornadus-Therian","|-crit|p1a: Tornadus-Therian","|-damage|p1a: Tornadus-Therian|156/245","|move|p1a: Tornadus-Therian|Hurricane|p2a: Zygarde|[miss]","|-miss|p1a: Tornadus-Therian|p2a: Zygarde","|","|turn|17","|","|move|p1a: Tornadus-Therian|Hurricane|p2a: Zygarde","|-damage|p2a: Zygarde|180/289","|move|p2a: Zygarde|Outrage|p1a: Tornadus-Therian","|-crit|p1a: Tornadus-Therian","|-damage|p1a: Tornadus-Therian|0 fnt","|faint|p1a: Tornadus-Therian","|","|-heal|p2a: Zygarde|198/289|[from] item: Leftovers","|","|switch|p1a: Heliolisk|Heliolisk, L82, M|236/236","|turn|18","|","|move|p1a: Heliolisk|Surf|p2a: Zygarde","|-damage|p2a: Zygarde|132/289","|move|p2a: Zygarde|Outrage|p1a: Heliolisk","|-damage|p1a: Heliolisk|86/236","|","|-heal|p2a: Zygarde|150/289|[from] item: Leftovers","|turn|19","|","|move|p1a: Heliolisk|Dark Pulse|p2a: Zygarde","|-damage|p2a: Zygarde|93/289","|move|p2a: Zygarde|Outrage|p1a: Heliolisk","|-damage|p1a: Heliolisk|0 fnt","|faint|p1a: Heliolisk","|","|win|BowlingLettuce"],"p1rating":{"entryid":5211192,"formatid":"randombattle","userid":"kermitfan405","username":"kermitfan405","r":1500,"rd":130,"sigma":0,"rpr":1459.8393856612,"rprd":122.8583080769,"rpsigma":0,"rptime":1406160000,"w":0,"l":1,"t":0,"gxe":45,"acre":1000,"lacre":1000,"oldacre":1000},"p2rating":{"entryid":5211193,"formatid":"randombattle","userid":"bowlinglettuce","username":"BowlingLettuce","r":1500,"rd":130,"sigma":0,"rpr":1540.1606143388,"rprd":122.8583080769,"rpsigma":0,"rptime":1406160000,"w":1,"l":0,"t":0,"gxe":55,"acre":1040,"lacre":1040,"oldacre":1000},"endType":"normal"}