{"turns":30,"p1":"Eren12131","p2":"rasdfg","p1team":[{"name":"Ninetales","moves":["substitute","nastyplot","fireblast","solarbeam"],"ability":"Drought","evs":{"hp":85,"atk":85,"def":85,"spa":85,"spd":85,"spe":85},"ivs":{"hp":31,"atk":31,"def":31,"spa":31,"spd":31,"spe":31},"item":"Leftovers","level":78,"shiny":false},{"name":"Ninjask","moves":["aerialace","xscissor","swordsdance","batonpass"],"ability":"Speed Boost","evs":{"hp":85,"atk":85,"def":85,"spa":85,"spd":85,"spe":85},"ivs":{"hp":31,"atk":31,"def":31,"spa":31,"spd":31,"spe":31},"item":"Leftovers","level":86,"shiny":false},{"name":"Togekiss","moves":["thunderwave","wish","airslash","dazzlinggleam"],"ability":"Serene Grace","evs":{"hp":85,"atk":85,"def":85,"spa":85,"spd":85,"spe":85},"ivs":{"hp":31,"atk":31,"def":31,"spa":31,"spd":31,"spe":31},"item":"Leftovers","level":74,"shiny":false},{"name":"Ampharos","moves":["focusblast","powergem","thunderbolt","hiddenpowerice"],"ability":"Static","evs":{"hp":85,"atk":85,"def":85,"spa":85,"spd":85,"spe":85},"ivs":{"hp":31,"atk":30,"def":30,"spa":31,"spd":31,"spe":31},"item":"Ampharosite","level":78,"shiny":false},{"name":"Lilligant","moves":["quiverdance","sleeppowder","petaldance","hiddenpowerice"],"ability":"Own Tempo","evs":{"hp":85,"atk":85,"def":85,"spa":85,"spd":85,"spe":85},"ivs":{"hp":31,"atk":30,"def":30,"spa":31,"spd":31,"spe":31},"item":"Leftovers","level":86,"shiny":false},{"name":"Flygon","moves":["defog","earthquake","substitute","superpower"],"ability":"Levitate","evs":{"hp":85,"atk":85,"def":85,"spa":85,"spd":85,"spe":85},"ivs":{"hp":31,"atk":31,"def":31,"spa":31,"spd":31,"spe":31},"item":"Leftovers","level":78,"shiny":false}],"p2team":[{"name":"Kingdra","moves":["waterfall","rest","dracometeor","outrage"],"ability":"Sniper","evs":{"hp":85,"atk":85,"def":85,"spa":85,"spd":85,"spe":85},"ivs":{"hp":31,"atk":31,"def":31,"spa":31,"spd":31,"spe":31},"item":"Chesto Berry","level":78,"shiny":false},{"name":"Bellossom","moves":["sludgebomb","sunnyday","sleeppowder","leafstorm"],"ability":"Chlorophyll","evs":{"hp":85,"atk":85,"def":85,"spa":85,"spd":85,"spe":85},"ivs":{"hp":31,"atk":31,"def":31,"spa":31,"spd":31,"spe":31},"item":"Heat Rock","level":86,"shiny":false},{"name":"Scrafty","moves":["rest","bulkup","knockoff","drainpunch"],"ability":"Moxie","evs":{"hp":85,"atk":85,"def":85,"spa":85,"spd":85,"spe":85},"ivs":{"hp":31,"atk":31,"def":31,"spa":31,"spd":31,"spe":31},"item":"Chesto Berry","level":78,"shiny":false},{"name":"Deoxys","moves":["thunderbolt","stealthrock","spikes","icebeam"],"ability":"Pressure","evs":{"hp":85,"atk":85,"def":85,"spa":85,"spd":85,"spe":85},"ivs":{"hp":31,"atk":31,"def":31,"spa":31,"spd":31,"spe":31},"item":"Leftovers","level":70,"shiny":false},{"name":"Arcanine","moves":["wildcharge","willowisp","flareblitz","extremespeed"],"ability":"Intimidate","evs":{"hp":85,"atk":85,"def":85,"spa":85,"spd":85,"spe":85},"ivs":{"hp":31,"atk":31,"def":31,"spa":31,"spd":31,"spe":31},"item":"Air Balloon","level":78,"shiny":false},{"name":"Roserade","moves":["extrasensory","sludgebomb","hiddenpowerfire","rest"],"ability":"Natural Cure","evs":{"hp":85,"atk":85,"def":85,"spa":85,"spd":85,"spe":85},"ivs":{"hp":31,"atk":30,"def":31,"spa":30,"spd":31,"spe":30},"item":"Black Sludge","level":78,"shiny":false}],"log":["|player|p1|Eren12131|170","|player|p2|rasdfg|262","|gametype|singles","|gen|6","|tier|Random Battle","|rated","|rule|Sleep Clause Mod: Limit one foe put to sleep","|rule|HP Percentage Mod: HP is reported as percentages","|","|start","|switch|p1a: Ninetales|Ninetales, L78, F|242/242","|switch|p2a: Kingdra|Kingdra, L78, F|245/245","|-weather|SunnyDay","|turn|1","|","|move|p1a: Ninetales|Fire Blast|p2a: Kingdra","|-resisted|p2a: Kingdra","|-damage|p2a: Kingdra|210/245","|move|p2a: Kingdra|Waterfall|p1a: Ninetales","|-supereffective|p1a: Ninetales","|-damage|p1a: Ninetales|152/242","|","|-weather|SunnyDay|[upkeep]","|-heal|p1a: Ninetales|167/242|[from] item: Leftovers","|turn|2","|","|move|p1a: Ninetales|Solar Beam|p2a: Kingdra|[still]","|-prepare|p1a: Ninetales|Solar Beam|p2a: Kingdra","|-anim|p1a: Ninetales|Solar Beam|p2a: Kingdra","|-damage|p2a: Kingdra|141/245","|move|p2a: Kingdra|Waterfall|p1a: Ninetales","|-supereffective|p1a: Ninetales","|-damage|p1a: Ninetales|71/242","|","|-weather|SunnyDay|[upkeep]","|-heal|p1a: Ninetales|86/242|[from] item: Leftovers","|turn|3","|","|switch|p1a: Ampharos|Ampharos, L78, F|268/268","|move|p2a: Kingdra|Waterfall|p1a: Ampharos","|-damage|p1a: Ampharos|231/268","|-status|p2a: Kingdra|par","|","|-weather|SunnyDay|[upkeep]","|turn|4","|","|switch|p2a: Roserade|Roserade, L78, F|222/222","|move|p1a: Ampharos|Thunderbolt|p2a: Roserade","|-resisted|p2a: Roserade","|-damage|p2a: Roserade|179/222","|","|-weather|SunnyDay|[upkeep]","|-heal|p2a: Roserade|192/222|[from] item: Black Sludge","|turn|5","|","|move|p2a: Roserade|Sludge Bomb|p1a: Ampharos","|-damage|p1a: Ampharos|126/268","|move|p1a: Ampharos|Focus Blast|p2a: Roserade","|-resisted|p2a: Roserade","|-damage|p2a: Roserade|156/222","|","|-weather|none","|-heal|p2a: Roserade|169/222|[from] item: Black Sludge","|turn|6","|","|move|p2a: Roserade|Sludge Bomb|p1a: Ampharos","|-damage|p1a: Ampharos|24/268","|move|p1a: Ampharos|Power Gem|p2a: Roserade","|-damage|p2a: Roserade|120/222","|","|-heal|p2a: Roserade|133/222|[from] item: Black Sludge","|turn|7","|","|switch|p1a: Ninetales|Ninetales, L78, F|86/242","|-weather|SunnyDay","|move|p2a: Roserade|Sludge Bomb|p1a: Ninetales","|-damage|p1a: Ninetales|0 fnt","|faint|p1a: Ninetales","|","|-weather|SunnyDay|[upkeep]","|-heal|p2a: Roserade|146/222|[from] item: Black Sludge","|","|switch|p1a: Lilligant|Lilligant, L86, F|261/261","|turn|8","|","|switch|p2a: Bellossom|Bellossom, L86, M|269/269","|move|p1a: Lilligant|Quiver Dance|p1a: Lilligant","|-boost|p1a: Lilligant|spa|1","|-boost|p1a: Lilligant|spd|1","|-boost|p1a: Lilligant|spe|1","|","|-weather|SunnyDay|[upkeep]","|turn|9","|","|move|p1a: Lilligant|Sleep Powder|p2a: Bellossom","|-fail|p2a: Bellossom","|move|p2a: Bellossom|Sleep Powder|p1a: Lilligant","|-fail|p1a: Lilligant","|","|-weather|SunnyDay|[upkeep]","|turn|10","|","|move|p1a: Lilligant|Hidden Power|p2a: Bellossom","|-supereffective|p2a: Bellossom","|-damage|p2a: Bellossom|143/269","|move|p2a: Bellossom|Sludge Bomb|p1a: Lilligant","|-supereffective|p1a: Lilligant","|-damage|p1a: Lilligant|159/261","|","|-weather|SunnyDay|[upkeep]","|-heal|p1a: Lilligant|175/261|[from] item: Leftovers","|turn|11","|chat|Eren12131|hsktr","|chat|Eren12131|hsktr","|chat|Eren12131|hsktr","|chat|Eren12131|hsktr","|","|switch|p2a: Arcanine|Arcanine, L78, M|268/268","|-ability|p2a: Arcanine|Intimidate|[of] p1a: Lilligant","|-unboost|p1a: Lilligant|atk|1","|-item|p2a: Arcanine|Air Balloon","|move|p1a: Lilligant|Hidden Power|p2a: Arcanine","|-resisted|p2a: Arcanine","|-damage|p2a: Arcanine|229/268","|-enditem|p2a: Arcanine|Air Balloon","|","|-weather|none","|-heal|p1a: Lilligant|191/261|[from] item: Leftovers","|turn|12","|","|move|p1a: Lilligant|Sleep Powder|p2a: Arcanine","|-status|p2a: Arcanine|slp","|cant|p2a: Arcanine|slp","|","|-heal|p1a: Lilligant|207/261|[from] item: Leftovers","|turn|13","|","|move|p1a: Lilligant|Quiver Dance|p1a: Lilligant","|-boost|p1a: Lilligant|spa|1","|-boost|p1a: Lilligant|spd|1","|-boost|p1a: Lilligant|spe|1","|cant|p2a: Arcanine|slp","|","|-heal|p1a: Lilligant|223/261|[from] item: Leftovers","|turn|14","|","|switch|p1a: Ampharos|Ampharos, L78, F|24/268","|cant|p2a: Arcanine|slp","|","|turn|15","|","|switch|p2a: Roserade|Roserade, L78, F|146/222","|move|p1a: Ampharos|Power Gem|p2a: Roserade","|-damage|p2a: Roserade|97/222","|","|-heal|p2a: Roserade|110/222|[from] item: Black Sludge","|turn|16","|","|move|p2a: Roserade|Sludge Bomb|p1a: Ampharos","|-crit|p1a: Ampharos","|-damage|p1a: Ampharos|0 fnt","|faint|p1a: Ampharos","|","|-heal|p2a: Roserade|123/222|[from] item: Black Sludge","|","|switch|p1a: Ninjask|Ninjask, L86, F|245/245","|turn|17","|","|move|p1a: Ninjask|X-Scissor|p2a: Roserade","|-damage|p2a: Roserade|17/222","|move|p2a: Roserade|Hidden Power|p1a: Ninjask","|-supereffective|p1a: Ninjask","|-damage|p1a: Ninjask|107/245","|","|-heal|p1a: Ninjask|122/245|[from] item: Leftovers","|-heal|p2a: Roserade|30/222|[from] item: Black Sludge","|-boost|p1a: Ninjask|spe|1|[from] ability: Speed Boost","|turn|18","|","|move|p1a: Ninjask|X-Scissor|p2a: Roserade","|-damage|p2a: Roserade|0 fnt","|faint|p2a: Roserade","|","|-heal|p1a: Ninjask|137/245|[from] item: Leftovers","|-boost|p1a: Ninjask|spe|1|[from] ability: Speed Boost","|","|switch|p2a: Arcanine|Arcanine, L78, M|229/268 slp","|-ability|p2a: Arcanine|Intimidate|[of] p1a: Ninjask","|-unboost|p1a: Ninjask|atk|1","|turn|19","|","|move|p1a: Ninjask|X-Scissor|p2a: Arcanine","|-resisted|p2a: Arcanine","|-damage|p2a: Arcanine|196/268 slp","|-curestatus|p2a: Arcanine|slp","|move|p2a: Arcanine|Flare Blitz|p1a: Ninjask","|-crit|p1a: Ninjask","|-supereffective|p1a: Ninjask","|-damage|p1a: Ninjask|0 fnt","|-damage|p2a: Arcanine|151/268|[from] recoil|[of] p1a: Ninjask","|faint|p1a: Ninjask","|","|","|switch|p1a: Togekiss|Togekiss, L74, M|248/248","|turn|20","|","|move|p2a: Arcanine|Wild Charge|p1a: Togekiss","|-supereffective|p1a: Togekiss","|-damage|p1a: Togekiss|120/248","|-damage|p2a: Arcanine|119/268|[from] recoil|[of] p1a: Togekiss","|move|p1a: Togekiss|Thunder Wave|p2a: Arcanine","|-status|p2a: Arcanine|par","|","|-heal|p1a: Togekiss|135/248|[from] item: Leftovers","|turn|21","|","|move|p1a: Togekiss|Dazzling Gleam|p2a: Arcanine","|-resisted|p2a: Arcanine","|-damage|p2a: Arcanine|73/268 par","|move|p2a: Arcanine|Wild Charge|p1a: Togekiss","|-supereffective|p1a: Togekiss","|-damage|p1a: Togekiss|5/248","|-damage|p2a: Arcanine|40/268 par|[from] recoil|[of] p1a: Togekiss","|","|-heal|p1a: Togekiss|20/248|[from] item: Leftovers","|turn|22","|","|switch|p1a: Lilligant|Lilligant, L86, F|223/261","|switch|p2a: Kingdra|Kingdra, L78, F|141/245 par","|","|-heal|p1a: Lilligant|239/261|[from] item: Leftovers","|turn|23","|","|move|p1a: Lilligant|Hidden Power|p2a: Kingdra","|-crit|p2a: Kingdra","|-damage|p2a: Kingdra|61/245 par","|cant|p2a: Kingdra|par","|","|-heal|p1a: Lilligant|255/261|[from] item: Leftovers","|turn|24","|","|move|p1a: Lilligant|Hidden Power|p2a: Kingdra","|-damage|p2a: Kingdra|8/245 par","|move|p2a: Kingdra|Draco Meteor|p1a: Lilligant","|-damage|p1a: Lilligant|125/261","|-unboost|p2a: Kingdra|spa|2","|","|-heal|p1a: Lilligant|141/261|[from] item: Leftovers","|turn|25","|","|move|p1a: Lilligant|Hidden Power|p2a: Kingdra","|-damage|p2a: Kingdra|0 fnt","|faint|p2a: Kingdra","|","|-heal|p1a: Lilligant|157/261|[from] item: Leftovers","|","|switch|p2a: Deoxys|Deoxys, L70|186/186","|-ability|p2a: Deoxys|Pressure","|turn|26","|","|move|p2a: Deoxys|Ice Beam|p1a: Lilligant","|-supereffective|p1a: Lilligant","|-damage|p1a: Lilligant|23/261","|move|p1a: Lilligant|Hidden Power|p2a: Deoxys","|-crit|p2a: Deoxys","|-damage|p2a: Deoxys|45/186","|","|-heal|p2a: Deoxys|56/186|[from] item: Leftovers","|-heal|p1a: Lilligant|39/261|[from] item: Leftovers","|turn|27","|","|move|p2a: Deoxys|Ice Beam|p1a: Lilligant","|-supereffective|p1a: Lilligant","|-damage|p1a: Lilligant|0 fnt","|faint|p1a: Lilligant","|","|-heal|p2a: Deoxys|67/186|[from] item: Leftovers","|","|switch|p1a: Togekiss|Togekiss, L74, M|20/248","|turn|28","|","|move|p2a: Deoxys|Thunderbolt|p1a: Togekiss","|-supereffective|p1a: Togekiss","|-damage|p1a: Togekiss|0 fnt","|faint|p1a: Togekiss","|","|-heal|p2a: Deoxys|78/186|[from] item: Leftovers","|","|switch|p1a: Flygon|Flygon, L78, M|253/253","|turn|29","|","|move|p2a: Deoxys|Thunderbolt|p1a: Flygon","|-immune|p1a: Flygon|[msg]","|move|p1a: Flygon|Superpower|p2a: Deoxys","|-resisted|p2a: Deoxys","|-damage|p2a: Deoxys|6/186","|-unboost|p1a: Flygon|atk|1","|-unboost|p1a: Flygon|def|1","|","|-heal|p2a: Deoxys|17/186|[from] item: Leftovers","|turn|30","|","|move|p2a: Deoxys|Ice Beam|p1a: Flygon","|-supereffective|p1a: Flygon","|-damage|p1a: Flygon|0 fnt","|faint|p1a: Flygon","|","|win|rasdfg"],"p1rating":{"entryid":5764434,"formatid":"randombattle","userid":"eren12131","username":"Eren12131","r":1500,"rd":130,"sigma":0,"rpr":1459.8393856612,"rprd":122.8583080769,"rpsigma":0,"rptime":1407801600,"w":0,"l":1,"t":0,"gxe":45,"acre":1000,"lacre":1000,"oldacre":1000},"p2rating":{"entryid":5764435,"formatid":"randombattle","userid":"rasdfg","username":"rasdfg","r":1500,"rd":130,"sigma":0,"rpr":1540.1606143388,"rprd":122.8583080769,"rpsigma":0,"rptime":1407801600,"w":1,"l":0,"t":0,"gxe":55,"acre":1040,"lacre":1040,"oldacre":1000},"endType":"normal"}